1797 2956
306 212 397 254 204
540 197 588 242 L.
639 195 928 241 ANNAEI
982 196 1333 243 SENECAE

301 302 437 365 ligat?
476 319 768 364 procerumve
797 317 840 349 et
875 302 1118 361 excelsum,
1149 319 1279 366 quam
1320 303 1500 351 brevem
1531 315 1573 352 et

301 376 557 422 modicum?
598 378 755 421 Foetus
790 375 888 421 suos
922 392 1014 421 non
1049 377 1312 440 distinguunt
1344 377 1488 436 ferae,
1534 389 1577 424 et

300 447 343 493 se
370 450 414 493 in
446 449 699 493 alimentum
728 448 886 510 pariter
922 449 1120 495 omnium
1156 450 1360 498 sternunt.
1391 468 1493 498 aves
1522 468 1577 498 ex

299 535 442 582 aequo
463 521 706 582 partiuntur
736 513 870 567 cibos.
890 521 1062 584 Ulyffes
1083 524 1137 569 ad
1159 525 1326 570 Ithacae
1355 523 1451 570 suae
1480 525 1574 570 saxa

299 592 359 638 fic
387 606 618 654 properat,
644 595 1019 656 quemadmodum
1047 599 1349 658 Agamemnon
1378 598 1432 643 ad
1462 600 1574 661 My-

301 682 511 713 cenarum
539 668 708 715 nobiles
731 685 896 715 muros.
928 669 1078 716 Nemo
1101 670 1216 715 enim
1243 672 1450 732 patriam,
1475 672 1576 735 quia

300 755 456 801 magna
478 739 560 797 est,
580 753 723 799 amat,
746 741 819 788 sed
837 741 939 805 quia
961 741 1045 789 sua.
1079 742 1306 803 Quorsum
1324 743 1430 790 haec
1447 744 1576 806 perti-

301 825 406 856 nent
426 811 443 857 ?
459 825 506 858 ut
523 811 628 859 scias
640 848 653 868 ,
671 813 876 860 virtutem
897 814 1048 861 omnia
1066 831 1201 877 opera
1220 814 1317 869 sua,
1341 817 1459 862 velut
1477 816 1576 863 foe·-

299 893 369 928 tus
392 882 514 942 suos,
531 885 683 932 iisdem
704 886 842 932 oculis
863 886 1051 945 intueri,
1072 904 1211 950 aeque
1228 887 1455 950 indulgere
1475 904 1574 933 om-

299 955 424 1001 nihus·
447 974 456 1001 :
477 969 520 1002 et
536 957 713 1020 quidem
734 958 966 1020 impensius
983 995 997 1016 ,
1021 959 1330 1006 laborantibus.
1351 959 1579 1019 Quoniam

299 1028 479 1090 quidem
506 1030 635 1076 etiam
665 1044 892 1092 parentum
917 1047 1070 1089 amor,
1094 1031 1227 1095 magis
1253 1033 1297 1078 in
1317 1048 1366 1078 ea
1384 1047 1578 1095 quorum

298 1101 546 1156 miseretur,
575 1102 766 1150 inclinat.
800 1105 953 1151 Virtus
983 1120 1162 1167 quoque
1195 1120 1330 1166 opera
1359 1103 1430 1149 sua
1465 1120 1578 1166 quae

300 1173 425 1222 videt
450 1175 563 1220 affici
593 1189 637 1221 et
666 1176 833 1236 premi,
854 1194 945 1223 non
972 1177 1109 1241 magis
1137 1193 1252 1224 amat
1270 1213 1284 1234 ‚
1319 1177 1390 1224 sed
1418 1194 1579 1239 paren-

300 1259 394 1292 tum
424 1246 651 1293 bonorum
683 1265 807 1294 more
826 1285 840 1305 ,
867 1249 1003 1311 magis
1031 1248 1333 1310 complectitur
1361 1265 1411 1295 ac
1438 1248 1580 1296 fovet.

301 1319 454 1378 Quare
475 1336 567 1365 non
589 1319 649 1367 est
673 1320 806 1366 ullum
828 1321 998 1367 bonum
1018 1321 1155 1367 altero
1174 1321 1313 1366 maius
1325 1319 1348 1366 ἓ·
1367 1320 1469 1382 quia
1487 1337 1581 1367 non

299 1390 360 1437 est
388 1392 628 1455 quidquam
653 1408 759 1456 apto
789 1394 951 1456 aptius,
979 1395 1082 1457 quia
1115 1394 1246 1455 plano
1271 1393 1379 1439 nihil
1401 1392 1462 1440 est
1482 1394 1579 1456 pla-

298 1463 408 1511 nius.
435 1466 541 1510 Non
572 1479 699 1528 potes
733 1468 905 1524 dicere,
938 1468 1038 1513 Hoc
1067 1466 1203 1529 magis
1233 1482 1308 1527 par
1337 1465 1397 1512 est
1423 1465 1580 1523 alicui,

300 1552 430 1599 quam
457 1538 593 1585 illudt
624 1556 732 1603 ergo
769 1557 850 1587 nec
877 1539 1064 1586 honesto
1086 1537 1309 1585 honestius
1338 1538 1581 1602 quidquam

302 1610 377 1658 est.
410 1613 549 1672 Quod
577 1612 606 1657 fi
639 1631 717 1674 par
747 1613 946 1659 omnium
973 1612 1187 1659 virtutum
1217 1624 1368 1658 natura
1389 1611 1475 1669 est,
1500 1612 1582 1659 tria

302 1700 459 1747 genera
488 1686 711 1733 bonorum
737 1686 782 1732 in
811 1702 954 1749 aequo
978 1684 1085 1732 sunt.
1112 1688 1177 1732 Ita
1205 1686 1333 1743 dico,
1367 1686 1413 1732 in
1435 1703 1582 1749 aequo

302 1755 365 1804 est
394 1758 621 1805 moderate
645 1760 856 1821 gaudere,
880 1771 923 1805 et
946 1758 1170 1805 moderate
1193 1758 1344 1806 dolere
1370 1776 1381 1804 :
1403 1759 1582 1805 Laetitia

303 1826 375 1875 illa
401 1846 492 1876 non
523 1831 665 1878 vincit
688 1833 802 1878 hanc
834 1830 967 1877 animi
995 1829 1273 1887 firmitatem,
1301 1830 1378 1876 sub
1411 1843 1582 1877 tortore

303 1903 492 1967 gemitus
514 1904 813 1953 devorantem.
842 1905 914 1951 Illa
939 1906 1055 1951 bona
1086 1905 1296 1967 optabilia
1321 1904 1445 1963 sunt,
1474 1906 1581 1953 haec

306 1976 532 2024 mirabilia.
556 1989 739 2041 utraque
764 1978 1046 2025 nihilominus
1069 1977 1184 2039 paria
1207 1996 1218 2023 ε
1248 1976 1350 2041 quia
1369 1977 1582 2042 quidquid

305 2048 583 2098 incommodi
625 2051 718 2109 est,
757 2052 1009 2100 velamento
1051 2050 1227 2098 maioris
1263 2051 1373 2098 boni
1409 2053 1582 2116 tegitur.

306 2121 516 2185 Quisquis
554 2123 660 2170 haec
692 2123 876 2186 imparia
907 2123 1070 2171 iudicat
1081 2157 1096 2180 ‚
1125 2123 1179 2168 ab
1217 2122 1316 2185 ipsis
1346 2123 1583 2172 virtutibus

306 2195 466 2242 avertit
487 2196 667 2254 oculos,
692 2210 735 2243 et
752 2196 968 2242 exteriora
996 2194 1303 2257 circumspicit.
1334 2197 1457 2242 Bona
1479 2212 1583 2243 vera
1653 2190 1659 2194 ’

308 2269 426 2317 idem
455 2273 681 2333 pendunt,
712 2273 827 2320 idem
864 2287 1045 2336 patent:
1073 2272 1172 2319 falfa
1203 2273 1390 2320 multum
1423 2272 1582 2319 habent

310 2344 427 2391 vani.
452 2347 598 2409 Itaque
610 2346 801 2409 speciosa
815 2360 859 2394 et
873 2362 1026 2409 magna
1041 2358 1196 2393 contra
1212 2345 1468 2400 visentibus,
1479 2362 1581 2391 cum

310 2416 366 2462 ad
384 2418 556 2478 pondus
576 2432 781 2467 revocata
798 2419 918 2476 sunt,
947 2418 1112 2467 fallunt.
1144 2422 1203 2466 lta
1224 2418 1309 2477 est,
1335 2418 1394 2464 mi
1416 2415 1581 2473 Lucili,

310 2489 526 2555 quidquid
541 2509 642 2542 vera
659 2493 777 2543 ratio
787 2494 1084 2552 commendat,
1102 2492 1288 2543 solidum
1300 2507 1342 2541 et
1357 2506 1580 2540 aeternum
