1807 3004
328 220 416 255 120
580 206 965 255 L2ANNAE1
1009 205 1354 252 SENECAE

317 313 544 378 religionis
563 313 807 376 suspicione
827 312 1055 376 percutiet.
1079 315 1346 376 Magnorum
1368 311 1602 359 fluminum

318 386 462 450 capita
495 381 794 434 veneramur:
826 385 965 432 subita
997 398 1040 433 et
1069 401 1122 432 ex
1146 385 1298 432 abdito
1331 386 1440 432 vasti
1469 387 1607 432 amnis

317 460 492 524 eruptio
516 477 611 506 aras
628 459 772 506 habet.
790 459 998 507 coluntur
1019 475 1234 522 aquarum
1254 458 1488 521 calentium
1509 457 1608 505 fon-

315 547 381 582 tes
408 552 419 580 :
453 548 497 580 et
525 533 670 596 stagna
700 533 944 596 quaedam,
967 531 1037 578 vel
1071 531 1270 593 opacitas
1295 532 1368 578 vel
1399 531 1610 577 immensa

316 609 502 655 altitudo
530 606 728 654 sacravit.
757 605 800 652 Si
819 604 1046 652 hominem
1071 605 1234 653 videtis
1264 605 1512 651 interritum
1536 621 1611 665 pe-

315 679 497 736 riculis,
530 680 738 725 intaEtum
769 676 1077 740 cupiditatibus
1098 712 1112 733 ‚
1152 677 1266 725 inter
1301 677 1481 724 adversa
1510 676 1608 722 seli-

317 769 414 799 cem
429 787 442 807 ,
471 752 516 798 in
535 751 690 800 mediis
715 752 1041 814 tempestatibus
1065 753 1285 815 placidum
1302 788 1316 809 ‚
1337 769 1393 799 ex
1414 751 1610 813 superio-

319 841 367 871 re
388 825 492 871 loco
514 824 716 871 homines
739 825 962 890 videntem
978 859 991 880 ,
1009 840 1062 870 ex
1080 841 1224 887 aequo
1245 826 1351 871 deos
1370 845 1380 876 ·‚
1400 839 1490 869 non
1509 823 1610 868 sub-

317 896 400 944 ibit
435 909 477 943 te
514 898 744 943 veneratio
779 896 906 943 eius?
944 913 1035 942 non
1069 897 1186 944 dices
1219 916 1230 944 :
1266 896 1343 944 ista
1368 913 1436 944 res
1469 895 1610 942 maior

317 969 381 1016 est
409 970 657 1033 altiorque,
687 986 818 1033 quam
853 984 910 1015 ut
931 969 1052 1016 credi
1086 969 1235 1016 fimilis
1273 970 1376 1017 huic
1395 1004 1410 1026 ,
1441 967 1487 1014 in
1517 983 1612 1031 quo

317 1041 401 1097 est,
432 1041 700 1105 corpusculo
734 1042 862 1105 poffit
880 1042 903 1088 ἲ*
936 1042 1015 1088 Vis
1045 1041 1155 1089 istuc
1190 1042 1343 1089 divina
1377 1040 1613 1088 descendit.

317 1116 513 1163 animum
541 1116 825 1162 excellentem
845 1152 860 1174 ‚
884 1116 1191 1172 moderatum,
1224 1115 1377 1162 omnia
1404 1127 1613 1176 tanquam

318 1190 495 1237 minora
516 1189 808 1237 transeuntem
823 1226 835 1244 ,
857 1190 1072 1253 quidquid
1093 1190 1298 1236 timemus
1322 1201 1614 1252 optamusque

318 1263 551 1319 ridentem,
572 1261 770 1309 coelestis
789 1262 985 1324 potentia
1004 1261 1425 1325 agitat.·non·potest
1439 1278 1507 1308 res
1527 1273 1616 1307 tau-

319 1336 362 1382 ta
382 1335 470 1381 fine
497 1333 768 1380 adminiculo
796 1333 988 1380 numinis
1023 1333 1144 1380 stare.
1171 1335 1334 1397 ‘ltaque
1363 1333 1531 1379 maiore
1554 1333 1616 1379 sui

318 1406 565 1470 parte-illic
594 1404 684 1463 est,
709 1406 826 1452 unde
859 1404 1092 1452 descendit.
1122 1404 1518 1465 Quemadmodum
1546 1420 1616 1449 ra-

320 1480 383 1527 dii
403 1478 504 1527 solis
527 1477 793 1542 contingunt
821 1478 1002 1542 quidem
1027 1490 1214 1536 terram,
1238 1477 1309 1524 sed
1335 1476 1396 1523 ibi
1419 1477 1516 1524 sunt
1533 1493 1616 1522 un·-

320 1553 376 1618 de
395 1552 630 1598 mittuntur
649 1568 660 1596 :
684 1550 742 1597 fic
759 1549 932 1613 animus
952 1566 1136 1613 magnus
1166 1560 1209 1597 et
1225 1549 1343 1598 sacer
1360 1585 1373 1606 ,
1392 1560 1435 1614 et
1458 1549 1503 1595 in
1523 1549 1614 1613 hoe

320 1624 528 1672 demiffus
559 1636 606 1671 ut
636 1623 818 1687 propius
847 1623 998 1672 divina
1029 1623 1285 1682 nossemus,
1324 1622 1614 1670 conversatur

320 1699 507 1762 quidem
525 1698 757 1744 nobiscum
771 1734 783 1755 ,
796 1697 873 1744 'sed
891 1696 1040 1744 haeret
1054 1697 1214 1760 origini
1228 1697 1340 1744 suae.
1361 1696 1486 1743 lllinc
1503 1712 1614 1759 pen-

321 1773 436 1828 det}
450 1772 552 1820 illuc
570 1772 733 1834 fpeftat
754 1788 804 1818 ac
829 1771 985 1839 nititur
1006 1789 1016 1817 ε
1037 1771 1195 1818 nostris
1224 1777 1432 1836 tanquam
1454 1771 1614 1817 melior

320 1845 512 1911 interest.
550 1845 662 1905 Quis
691 1844 753 1891 est
774 1860 885 1908 ergo
911 1842 1018 1891 hic?
1044 1844 1215 1891 animus
1240 1844 1317 1908 qui
1338 1844 1467 1891 nullo
1491 1844 1616 1890 bono

322 1918 513 1966 'nist-‘suo
538 1918 704 1965 nititur.
733 1917 856 1978 Quid
883 1915 945 1962 est
975 1915 1169 1973 stultius,
1198 1932 1335 1979 quam
1361 1915 1408 1962 in
1433 1915 1617 1962 homine

322 1981 464 2039 'aliena'
480 1991 691 2041 laudare?
719 1991 826 2053 quid
845 2006 902 2036 eo
927 1981 1197 2044 dementius,
1234 1988 1310 2051 qui
1337 2004 1386 2034 ea
1410 1988 1618 2043 miratur,

325 2066 513 2130 quaein
540 2065 672 2111 alium
700 2065 901 2128 protinus
930 2063 1153 2110 transferri
1189 2062 1382 2125 poffint?
1414 2063 1519 2109 Non
1552 2061 1619 2107 fa-

324 2140 450 2186 ·ciunt
480 2138 714 2185 ‘meliorem
746 2155 909 2202 equum
936 2137 1056 2185 aurei
1091 2136 1240 2183 fraeni.
1277 2135 1510 2182 Aliterleo
1539 2151 1620 2180 au-

327 2210 419 2259 rata
443 2212 546 2259 iuba
562 2212 821 2271 demittitur,
843 2214 949 2259 dum
972 2203 1286 2269 contractatur,
1308 2225 1351 2257 et
1372 2210 1423 2255 ad
1446 2207 1622 2273 'patien-

327 2286 431 2333 tiam
463 2285 704 2349 recipiendi
729 2302 990 2333 ornamenta
1021 2284 1194 2348 cogitur
1225 2283 1464 2346 fatigatus:
1495 2279 1619 2326 aliter

327 2359 548 2417 incultus,
573 2360 731 2424 integri
762 2360 946 2423 spiritus.
977 2359 1066 2406 Hic
1100 2358 1262 2406 scilicet
1288 2358 1457 2420 impetu
1485 2371 1617 2410 acer,

328 2435 502 2498 qualem
532 2435 654 2481 illum
680 2434 766 2480 effe
798 2447 951 2480 natura
983 2432 1153 2487 voluit,
1185 2430 1406 2494 speciosus
1438 2445 1493 2473 ex
1511 2427 1619 2471 hor-

329 2508 457 2566 rido,
484 2508 608 2556 cuius
635 2509 707 2556 hic
731 2508 976 2566 decor-est,
1001 2524 1092 2554 non
1115 2507 1202 2553 fine
1227 2505 1390 2553 timore
1420 2499 1584 2564 adspici
1604 2531 1618 2555 9
