1807 3004
444 165 1090 214 -EPISTOLAE
1345 183 1437 232 349

163 284 423 335 comparat,
444 285 485 317 et
504 270 784 333 pretiosarum
814 287 960 318 rerum
988 286 1196 334 pompam
1225 271 1270 318 in
1302 274 1441 321 domo

162 348 382 409 explicat?
412 362 501 391 non
530 357 652 407 putas
681 362 808 403 eum,
853 346 927 408 qui
958 359 1195 408 occupatus
1216 347 1276 394 est
1303 347 1347 393 in
1376 351 1447 395 su-

163 435 381 480 pervacua
421 417 640 463 literarum
687 417 945 479 supelleffile
972 419 990 464 ?
1046 418 1145 464 Plus
1188 416 1293 465 scire
1329 420 1441 465 velle

165 509 294 554 quam
322 492 369 536 fit
386 491 483 536 satis
497 527 509 547 ‚
529 490 884 553 intemperantiae
911 507 1044 554 genus
1062 489 1133 537 est.
1155 492 1298 551 Quid,
1316 492 1441 555 quod

164 564 240 610 ista
265 564 503 610 liberalium
537 564 692 610 artium
718 563 980 611 confeciatio
1006 563 1240 624 molestos,
1275 566 1439 612 verbo-

166 638 261 695 sos,
283 637 613 699 intempestivos
631 673 643 695 ‚
666 637 742 683 fibi
767 637 981 698 placentes
1002 636 1134 693 facit,
1159 648 1202 682 et
1228 636 1330 681 ideo
1350 652 1442 682 non

166 710 378 756 discentes
419 709 680 765 necessaria,
723 709 824 772 quia
856 710 1122 770 supervacua
1154 708 1443 756 didicerunt?

146 784 373 842 -Quatuor
420 783 553 829 millia
600 783 814 829 librorum
857 783 1085 845 Didymus
1136 782 1443 844 grammaticus

165 855 357 916 scripsit:
382 855 538 912 miser,
565 854 594 899 fi
622 866 710 899 tam
741 854 874 899 multa
902 854 1164 916 supervacua
1196 854 1370 917 legisset.
1396 858 1444 902 ln

120 988 126 991 ,
166 927 232 974 his
256 928 374 974 libris
404 929 458 974 de
488 926 624 989 patria
642 926 828 972 Homeri
852 926 1092 988 qanitur,
1121 925 1164 970 in
1185 925 1250 972 his
1279 927 1333 972 de
1353 930 1446 973 Ae-

167 1016 274 1046 neae
295 1012 429 1046 matre
451 1016 555 1046 vera
577 1017 586 1044 :
620 998 664 1044 in
691 998 755 1045 his
772 1033 784 1055 ‚
811 998 1081 1043 libidinosior
1101 1002 1358 1056 Anacreon,
1390 1016 1445 1046 an

168 1073 381 1119 ebriosior
405 1071 563 1119 vixerit
584 1089 594 1117 :
623 1071 666 1116 in
693 1071 780 1128 his,
802 1087 854 1116 an
876 1071 1050 1134 Sappho
1074 1071 1246 1133 publica
1274 1072 1405 1119 fuerit
1430 1092 1446 1121 :

166 1156 211 1189 et
231 1145 308 1188 alia
325 1180 338 1201 ,
364 1160 477 1206 quae
504 1155 627 1189 erant
652 1142 911 1189 dediscenda
929 1178 940 1198 ,
970 1143 998 1187 si
1022 1143 1164 1190 scires.
1194 1146 1210 1189 Ι
1235 1161 1349 1191 nunc
1365 1181 1376 1203 ‚
1406 1159 1449 1194 et

168 1214 343 1276 longam
363 1213 446 1261 effe
477 1214 612 1261 vitam
634 1229 754 1276 nega.
780 1214 862 1259 Sed
882 1215 935 1259 ad
955 1214 1127 1261 nostros
1147 1231 1326 1279 quoqne
1343 1234 1448 1265 cum

168 1289 450 1350 perveneris,
498 1287 721 1333 ostendam
768 1287 916 1352 multa
943 1288 1163 1336 securibus
1201 1291 1449 1340 recidenda.

168 1363 335 1422 Magno
364 1359 587 1422 impendio
612 1371 861 1422 temporum
882 1395 895 1417 ‚
928 1377 1082 1424 magna
1110 1361 1346 1408 alienarum
1369 1380 1448 1409 au-

170 1433 283 1478 rium
308 1431 531 1489 molestia,
563 1432 755 1477 laudatio
784 1431 890 1477 haec
920 1432 1087 1478 constat
1108 1450 1118 1479 :
1143 1435 1187 1479 O
1218 1434 1449 1483 hominem

166 1503 411 1551 literatum!
443 1505 582 1550 Simus
607 1503 693 1551 hoc
721 1505 850 1551 titulo
883 1506 1109 1552 rusticiore
1134 1507 1368 1553 contenti:
1400 1511 1448 1553 Ο

171 1580 317 1626 virum
344 1578 534 1625 bonum!
566 1582 682 1625 Itane
705 1578 797 1625 est?
818 1580 992 1627 annales
1013 1581 1221 1627 evolvam
1240 1582 1445 1630 omnium

170 1652 388 1715 gentium,
423 1664 465 1699 et
492 1652 588 1715 quis
615 1652 780 1715 primus
814 1653 1006 1700 carmina
1038 1653 1275 1715 scripserit,
1311 1671 1446 1717 quae-

169 1742 260 1772 ram
282 1744 292 1772 ε
320 1740 528 1789 quantum
550 1726 762 1788 temporis
783 1727 894 1772 inter
915 1726 1093 1788 Orphea
1112 1727 1273 1773 interfit
1290 1742 1333 1776 et
1351 1730 1448 1775 Ho-

171 1816 339 1845 merum
358 1835 372 1857 ,
405 1816 506 1846 cum
544 1798 673 1846 fastos
704 1815 793 1844 non
824 1799 1035 1855 habeam,
1073 1802 1373 1862 computabo:
1405 1814 1449 1849 et

171 1872 406 1919 Aristarchi
434 1885 585 1929 notas,
604 1872 759 1934 quibus
779 1872 915 1917 aliena
942 1871 1134 1917 carmina
1159 1875 1449 1936 compunxit,

173 1945 484 2007 recognoscam
508 1963 518 1992 ε
539 1960 582 1992 et
597 1957 779 1992 aetatem
799 1946 844 1991 in
873 1945 1047 2008 syllabis
1071 1963 1310 1996 conteram.
1330 1951 1450 1997 Itane

171 2016 216 2062 in
245 2017 508 2079 geometriae
536 2017 718 2079 pulvere
747 2018 972 2063 haerebo?
1011 2020 1137 2065 Adeo
1171 2022 1277 2067 mihi
1318 2040 1447 2084 prae-

170 2103 345 2150 ceptum
368 2089 472 2135 illud
498 2090 673 2136 salutare
690 2090 852 2136 excidit
872 2108 882 2136 :
904 2091 1120 2154 Tempori
1150 2094 1307 2155 parce?
1330 2096 1450 2143 Haec

171 2160 298 2207 sciam
310 2196 323 2218 ‚
343 2175 390 2209 ut
402 2162 745 2228 quidignorem?
763 2163 940 2226 Appion
956 2166 1264 2227 grammaticus
1279 2167 1355 2230 qui
1374 2169 1452 2214 sub

174 2232 228 2278 C.
246 2232 426 2280 Caesare
449 2246 539 2280 tota
556 2235 831 2282 circumlatus
851 2234 912 2281 est
929 2237 1111 2283 Graecia
1128 2272 1140 2294 ‚
1160 2252 1201 2284 et
1220 2238 1264 2284 in
1285 2255 1450 2286 nomen

173 2306 362 2352 Homeri
394 2308 448 2354 ab
477 2309 680 2355 omnibus
714 2309 964 2356 civitatibus
997 2311 1250 2372 adoptatus,
1284 2312 1452 2361 aiebat:

173 2378 419 2425 Homerum
445 2393 628 2444 utraque
660 2383 840 2430 materia
870 2383 1196 2442 consummata,
1222 2398 1265 2432 et
1296 2385 1454 2448 Odys-

173 2451 268 2511 sea,
295 2466 338 2500 et
367 2452 520 2513 Iliade,
551 2455 819 2519 principium
847 2456 1048 2505 adiecisse
1075 2459 1203 2520 operi
1229 2457 1332 2515 suo,
1358 2475 1457 2522 quoa
