1807 3004
335 196 423 243 130
554 168 950 228 L.'ANNAE1
990 180 1346 229 SENECAE

326 287 495 335 liffima.
519 288 667 356 Nemo
691 287 828 350 usque
849 304 906 334 eo
934 287 1188 350 dignitatem
1211 289 1317 337 boni
1336 289 1536 354 ignorat,
1557 307 1607 340 ut

327 363 432 410 illud
452 362 506 408 ad
523 361 629 408 haec
648 361 694 406 in
713 360 829 406 diem
848 360 968 407 utilia
985 361 1194 409 demittat.
1215 362 1338 422 Quid
1357 365 1494 426 ergo?
1513 381 1606 411 non

327 451 384 483 eo
416 433 562 497 potius
594 448 742 479 curam
773 431 1028 491 transferes,
1062 445 1110 481 ut
1141 433 1342 482 ostendas
1371 436 1606 496 omnibus,

327 524 491 570 magno
525 505 737 568 temporis
769 505 999 568 impendio
1040 507 1188 569 quaeri
1222 508 1488 570 supervacua
1518 527 1529 556 ε
1563 522 1608 557 et

329 581 493 628 multos
514 577 705 625 tranfiffe
728 578 888 636 vitam,
917 579 1022 625 dum
1047 578 1163 626 vitae
1186 579 1466 627 instrumenta
1493 597 1607 628 con-

327 652 537 718 quirunt?
558 652 842 716 Recognosce
866 651 1079 716 singulos,
1100 652 1330 700 confidera
1349 655 1604 703 universos:

328 725 484 774 nullius
504 740 595 771 non
615 724 707 772 vita
726 724 883 787 speclat
902 726 947 771 in
964 725 1212 773 crastinum.
1232 728 1357 787 Quid
1373 727 1418 773 in
1442 729 1529 776 hoc
1555 730 1606 776 fit

330 801 458 858 mali,
473 798 678 861 quaeris?
699 799 934 846 infinitum.
957 817 1048 846 non
1069 800 1187 846 enim
1206 799 1390 858 vivunt,
1413 800 1486 847 sed
1506 801 1606 849 vic-

329 875 417 923 turi
436 875 531 922 sunt
556 892 567 921 ε
600 873 751 920 omnia
781 873 1004 921 differunt.
1029 873 1171 921 Etiam
1199 873 1229 920 fi
1255 875 1607 934 attenderemus,

329 964 475 996 tamen
505 964 587 994 nos
612 947 703 993 vita
728 960 1053 1010 praecurreret:
1081 963 1198 994 nunc
1223 963 1334 995 vero
1361 948 1609 997 cunctantes

328 1022 448 1084 quasi
474 1021 609 1068 aliena
636 1021 915 1080 transcurrit,
934 1032 976 1067 et
995 1021 1154 1068 ultimo
1182 1021 1252 1067 die
1274 1020 1453 1080 finitur,
1481 1023 1608 1070 omni

330 1096 455 1159 perit.
482 1095 565 1142 Sed
586 1112 640 1140 ne
668 1093 876 1157 epistolae
902 1094 1084 1142 modum
1113 1095 1320 1142 excedam
1337 1129 1350 1150 ,
1372 1111 1482 1159 quae
1512 1113 1607 1143 non

330 1168 459 1215 debet
489 1165 695 1212 finistram
724 1169 904 1212 manum
932 1166 1112 1230 legentis
1144 1165 1357 1228 implere:
1391 1167 1437 1213 in
1471 1167 1606 1216 alium

330 1242 449 1287 diem
477 1241 588 1287 hanc
618 1240 740 1285 litem
766 1256 868 1285 cum
895 1237 1128 1285 dialecticis
1160 1237 1386 1294 differam,
1417 1239 1604 1288 nimium

330 1313 581 1372 subtilibus,
610 1324 654 1359 et
675 1312 764 1358 hoc
787 1310 924 1358 solum
953 1310 1232 1370 curantibus,
1260 1326 1351 1358 non
1375 1325 1419 1359 et
1441 1312 1541 1361 hoc.

583 1446 1059 1492 EPISTOLA
1149 1443 1350 1490 XLVI.

533 1579 605 1624 De
635 1576 738 1622 libro
768 1575 919 1622 Lucilii
948 1576 1105 1621 iudicat
1122 1606 1136 1630 ,
1175 1572 1217 1620 δ’
1250 1577 1411 1620 laudat.

334 1687 615 1802 LIBRUM
640 1759 793 1805 tuum,
818 1763 950 1810 quem
973 1746 1082 1793 mihi
1110 1745 1397 1810 promiseras,
1423 1747 1602 1810 accepi,

327 1837 371 1871 et
388 1837 589 1886 tanquam
612 1822 800 1868 lecturus
819 1837 872 1867 ex
898 1821 1142 1868 commodo
1169 1819 1399 1883 adaperui,
1429 1836 1480 1867 ac
1504 1833 1604 1867 tan-

328 1913 420 1945 tum
452 1894 676 1958 degustare
706 1893 842 1940 volui.
871 1894 1046 1941 Deinde
1076 1893 1292 1940 blanditus
1322 1892 1383 1939 est
1410 1892 1526 1955 ipse,
1557 1908 1607 1940 ut

329 1971 615 2034 procederem
647 1969 850 2032 longius,
878 1967 955 2031 qui
985 1984 1118 2030 quam
1150 1966 1328 2012 disertus
1357 1964 1521 2022 fuerit,
1548 1982 1605 2012 ex

328 2046 417 2092 hoc
443 2044 653 2106 intelligas
679 2043 793 2089 licet.
817 2042 965 2089 brevis
995 2041 1102 2088 mihi
1123 2041 1241 2089 visus
1259 2039 1345 2095 est,
1371 2057 1470 2087 cum
1499 2039 1604 2086 effet

327 2134 411 2164 nec
429 2116 539 2178 mei,
571 2132 651 2162 nec
673 2116 737 2162 tui
766 2115 1005 2177 temporis,
1029 2114 1100 2160 sed
1125 2114 1202 2177 qui
1229 2113 1376 2176 primo
1396 2112 1601 2175 adspectu
1652 2167 1654 2169 Ι

327 2205 399 2238 aut
423 2193 477 2238 T.
502 2190 642 2248 Livii,
673 2202 747 2237 aut
763 2189 941 2253 Epicuri
967 2188 1106 2252 posset
1130 2187 1288 2236 videri.
1312 2200 1429 2235 tanta
1454 2201 1600 2235 autem

327 2263 558 2310 dulcedine
583 2280 655 2310 me
678 2263 819 2309 tenuit
837 2275 879 2308 et
897 2261 1046 2318 traxit,
1069 2273 1116 2307 ut
1134 2260 1256 2307 illum
1282 2260 1368 2307 fine
1387 2260 1471 2307 ulla
1490 2261 1602 2307 dila-

326 2337 449 2383 tione
473 2337 756 2400 perlegerem.
776 2337 851 2383 Sol
869 2353 940 2383 me
961 2334 1173 2383 invitabat
1188 2370 1200 2389 ‚
1230 2332 1368 2380 fames
1387 2334 1604 2380 admone-³

326 2409 425 2465 bat,
451 2411 587 2457 nubes
616 2410 1081 2457 minabantnrttamen
1112 2405 1285 2453 exhausi
1312 2420 1470 2452 totum.
1494 2405 1601 2450 Non
1666 2451 1673 2459 „

325 2495 492 2531 tantum
510 2485 762 2546 delectatus,
783 2484 856 2534 sed
871 2483 1045 2548 gavisus
1059 2481 1167 2531 sum.
1198 2481 1321 2542 Quid
1339 2479 1500 2544 ingenii
1519 2477 1599 2526 iste
