<?xml version="1.0" encoding="UTF-8"?>
<!DOCTYPE html PUBLIC "-//W3C//DTD XHTML 1.0 Transitional//EN"
    "http://www.w3.org/TR/xhtml1/DTD/xhtml1-transitional.dtd">
<html xmlns="http://www.w3.org/1999/xhtml" xml:lang="en" lang="en">
 <head>
  <title>
</title>
<meta http-equiv="Content-Type" content="text/html;charset=utf-8" />
  <meta name='ocr-system' content='tesseract 3.04.00' />
  <meta name='ocr-capabilities' content='ocr_page ocr_carea ocr_par ocr_line ocrx_word'/>
</head>
<body>
  <div class='ocr_page' id='page_1' title='image "./lannaeisenecaeph03seneuoft_0322.png"; bbox 0 0 1797 2956; ppageno 0'>
   <div class='ocr_carea' id='block_1_1' title="bbox 323 152 1376 215">
    <p class='ocr_par' dir='ltr' id='par_1_1' title="bbox 323 152 1376 215">
     <span class='ocr_line' id='line_1_1' title="bbox 323 152 1376 215; baseline 0.005 -17"><span class='ocrx_word' id='word_1_1' title='bbox 323 168 416 215; x_wconf 80' lang='lat'><strong>314</strong></span> <span class='ocrx_word' id='word_1_2' title='bbox 580 153 628 200; x_wconf 88' lang='lat' dir='ltr'><strong>L.</strong></span> <span class='ocrx_word' id='word_1_3' title='bbox 678 152 974 199; x_wconf 79' lang='lat' dir='ltr'><strong>ANNAEI</strong></span> <span class='ocrx_word' id='word_1_4' title='bbox 1020 153 1376 203; x_wconf 78' lang='lat' dir='ltr'><strong>SENECAE</strong></span> 
     </span>
    </p>
   </div>
   <div class='ocr_carea' id='block_1_2' title="bbox 313 258 1605 1196">
    <p class='ocr_par' dir='ltr' id='par_1_2' title="bbox 313 258 1605 1196">
     <span class='ocr_line' id='line_1_2' title="bbox 319 258 1602 327; baseline 0.005 -22"><span class='ocrx_word' id='word_1_5' title='bbox 319 259 407 307; x_wconf 84' lang='lat' dir='ltr'><strong>fine</strong></span> <span class='ocrx_word' id='word_1_6' title='bbox 426 258 594 306; x_wconf 85' lang='lat' dir='ltr'><strong>tristitia</strong></span> <span class='ocrx_word' id='word_1_7' title='bbox 613 296 626 317; x_wconf 95' lang='lat'>‚</span> <span class='ocrx_word' id='word_1_8' title='bbox 654 259 710 308; x_wconf 84' lang='lat' dir='ltr'><strong>fic</strong></span> <span class='ocrx_word' id='word_1_9' title='bbox 741 260 1106 324; x_wconf 84' lang='lat' dir='ltr'><strong>interpretentur,</strong></span> <span class='ocrx_word' id='word_1_10' title='bbox 1139 274 1344 326; x_wconf 82' lang='lat' dir='ltr'>tanquam</span> <span class='ocrx_word' id='word_1_11' title='bbox 1364 263 1602 327; x_wconf 55' lang='lat' dir='ltr'><strong>impertiit-</strong></span> 
     </span>
     <span class='ocr_line' id='line_1_3' title="bbox 318 333 1601 398; baseline 0.004 -19"><span class='ocrx_word' id='word_1_12' title='bbox 318 333 441 379; x_wconf 77' lang='lat' dir='ltr'><strong>batus</strong></span> <span class='ocrx_word' id='word_1_13' title='bbox 467 333 635 380; x_wconf 84' lang='lat' dir='ltr'><strong>dicatur</strong></span> <span class='ocrx_word' id='word_1_14' title='bbox 650 370 664 391; x_wconf 93' lang='lat'><strong><em>,</em></strong></span> <span class='ocrx_word' id='word_1_15' title='bbox 697 334 771 397; x_wconf 85' lang='lat' dir='ltr'><strong>qui</strong></span> <span class='ocrx_word' id='word_1_16' title='bbox 792 351 893 380; x_wconf 85' lang='lat' dir='ltr'><strong>raro</strong></span> <span class='ocrx_word' id='word_1_17' title='bbox 910 336 1182 398; x_wconf 86' lang='lat' dir='ltr'><strong>perturbatur</strong></span> <span class='ocrx_word' id='word_1_18' title='bbox 1201 351 1243 383; x_wconf 91' lang='lat' dir='ltr'><strong>et</strong></span> <span class='ocrx_word' id='word_1_19' title='bbox 1268 337 1444 384; x_wconf 88' lang='lat' dir='ltr'><strong>modice</strong></span> <span class='ocrx_word' id='word_1_20' title='bbox 1459 372 1472 395; x_wconf 91' lang='lat'>‚</span> <span class='ocrx_word' id='word_1_21' title='bbox 1508 354 1601 384; x_wconf 88' lang='lat' dir='ltr'><strong>non</strong></span> 
     </span>
     <span class='ocr_line' id='line_1_4' title="bbox 317 405 1605 470; baseline 0.002 -17"><span class='ocrx_word' id='word_1_22' title='bbox 317 406 393 470; x_wconf 82' lang='lat' dir='ltr'><strong>qui</strong></span> <span class='ocrx_word' id='word_1_23' title='bbox 420 422 655 467; x_wconf 79' lang='lat' dir='ltr'><strong>nunquam.</strong></span> <span class='ocrx_word' id='word_1_24' title='bbox 684 407 792 451; x_wconf 85' lang='lat' dir='ltr'><strong>Item</strong></span> <span class='ocrx_word' id='word_1_25' title='bbox 819 405 906 452; x_wconf 81' lang='lat' dir='ltr'><strong>fine</strong></span> <span class='ocrx_word' id='word_1_26' title='bbox 930 405 1094 452; x_wconf 82' lang='lat' dir='ltr'><strong>tristitia</strong></span> <span class='ocrx_word' id='word_1_27' title='bbox 1121 424 1218 454; x_wconf 89' lang='lat' dir='ltr'><strong>eum</strong></span> <span class='ocrx_word' id='word_1_28' title='bbox 1242 407 1328 454; x_wconf 89' lang='lat' dir='ltr'><strong>dici</strong></span> <span class='ocrx_word' id='word_1_29' title='bbox 1351 407 1495 464; x_wconf 86' lang='lat' dir='ltr'><strong>aiunt,</strong></span> <span class='ocrx_word' id='word_1_30' title='bbox 1527 410 1605 470; x_wconf 85' lang='lat' dir='ltr'><strong>qui</strong></span> 
     </span>
     <span class='ocr_line' id='line_1_5' title="bbox 319 478 1604 544; baseline 0 -17"><span class='ocrx_word' id='word_1_31' title='bbox 319 498 411 527; x_wconf 89' lang='lat' dir='ltr'><strong>non</strong></span> <span class='ocrx_word' id='word_1_32' title='bbox 429 479 490 526; x_wconf 87' lang='lat' dir='ltr'><strong>est</strong></span> <span class='ocrx_word' id='word_1_33' title='bbox 519 478 740 526; x_wconf 83' lang='lat' dir='ltr'><strong>obnoxius</strong></span> <span class='ocrx_word' id='word_1_34' title='bbox 771 479 992 535; x_wconf 82' lang='lat' dir='ltr'><strong>tristitiae,</strong></span> <span class='ocrx_word' id='word_1_35' title='bbox 1024 497 1104 526; x_wconf 92' lang='lat' dir='ltr'><strong>nec</strong></span> <span class='ocrx_word' id='word_1_36' title='bbox 1125 479 1357 544; x_wconf 78' lang='lat' dir='ltr'>frequens,</span> <span class='ocrx_word' id='word_1_37' title='bbox 1386 480 1604 529; x_wconf 87' lang='lat' dir='ltr'><strong>nimiusve</strong></span> 
     </span>
     <span class='ocr_line' id='line_1_6' title="bbox 317 551 1605 617; baseline 0.001 -18"><span class='ocrx_word' id='word_1_38' title='bbox 317 554 362 599; x_wconf 90' lang='lat' dir='ltr'><strong>in</strong></span> <span class='ocrx_word' id='word_1_39' title='bbox 395 554 482 599; x_wconf 88' lang='lat' dir='ltr'><strong>hoc</strong></span> <span class='ocrx_word' id='word_1_40' title='bbox 508 552 639 598; x_wconf 79' lang='lat' dir='ltr'><strong>vitio,</strong></span> <span class='ocrx_word' id='word_1_41' title='bbox 673 552 782 597; x_wconf 81' lang='lat' dir='ltr'><strong>Illud</strong></span> <span class='ocrx_word' id='word_1_42' title='bbox 814 551 929 598; x_wconf 87' lang='lat' dir='ltr'><strong>enim</strong></span> <span class='ocrx_word' id='word_1_43' title='bbox 970 552 1203 599; x_wconf 78' lang='lat' dir='ltr'>humanam</span> <span class='ocrx_word' id='word_1_44' title='bbox 1239 566 1432 599; x_wconf 83' lang='lat' dir='ltr'><strong>naturam</strong></span> <span class='ocrx_word' id='word_1_45' title='bbox 1470 570 1605 617; x_wconf 87' lang='lat' dir='ltr'><strong>nega·</strong></span> 
     </span>
     <span class='ocr_line' id='line_1_7' title="bbox 318 624 1605 689; baseline 0 -18"><span class='ocrx_word' id='word_1_46' title='bbox 318 642 392 682; x_wconf 84' lang='lat' dir='ltr'><strong>re,</strong></span> <span class='ocrx_word' id='word_1_47' title='bbox 413 624 591 671; x_wconf 79' lang='lat' dir='ltr'><strong>alicuius</strong></span> <span class='ocrx_word' id='word_1_48' title='bbox 611 624 803 670; x_wconf 87' lang='lat' dir='ltr'><strong>animum</strong></span> <span class='ocrx_word' id='word_1_49' title='bbox 834 624 1073 670; x_wconf 79' lang='lat' dir='ltr'><strong>immunem</strong></span> <span class='ocrx_word' id='word_1_50' title='bbox 1102 626 1186 673; x_wconf 78' lang='lat' dir='ltr'><strong>effe</strong></span> <span class='ocrx_word' id='word_1_51' title='bbox 1211 625 1402 672; x_wconf 84' lang='lat' dir='ltr'><strong>tristitia:</strong></span> <span class='ocrx_word' id='word_1_52' title='bbox 1437 626 1605 689; x_wconf 80' lang='lat' dir='ltr'><strong>sapien-</strong></span> 
     </span>
     <span class='ocr_line' id='line_1_8' title="bbox 317 696 1603 760; baseline 0.001 -17"><span class='ocrx_word' id='word_1_53' title='bbox 317 708 407 744; x_wconf 84' lang='lat' dir='ltr'><strong>tem</strong></span> <span class='ocrx_word' id='word_1_54' title='bbox 437 714 528 743; x_wconf 91' lang='lat' dir='ltr'><strong>non</strong></span> <span class='ocrx_word' id='word_1_55' title='bbox 559 696 677 742; x_wconf 87' lang='lat' dir='ltr'><strong>vinci</strong></span> <span class='ocrx_word' id='word_1_56' title='bbox 704 712 936 751; x_wconf 84' lang='lat' dir='ltr'><strong>moerore,</strong></span> <span class='ocrx_word' id='word_1_57' title='bbox 973 708 1163 742; x_wconf 84' lang='lat' dir='ltr'><strong>ceterum</strong></span> <span class='ocrx_word' id='word_1_58' title='bbox 1196 697 1312 760; x_wconf 74' lang='lat' dir='ltr'><strong>tangi</strong></span> <span class='ocrx_word' id='word_1_59' title='bbox 1342 714 1352 742; x_wconf 91' lang='lat'>:</span> <span class='ocrx_word' id='word_1_60' title='bbox 1387 710 1431 743; x_wconf 88' lang='lat' dir='ltr'><strong>et</strong></span> <span class='ocrx_word' id='word_1_61' title='bbox 1460 713 1603 744; x_wconf 83' lang='lat' dir='ltr'><strong>cetera</strong></span> 
     </span>
     <span class='ocr_line' id='line_1_9' title="bbox 316 769 1603 834; baseline -0.001 -16"><span class='ocrx_word' id='word_1_62' title='bbox 316 773 362 819; x_wconf 88' lang='lat' dir='ltr'><strong>in</strong></span> <span class='ocrx_word' id='word_1_63' title='bbox 380 772 496 818; x_wconf 68' lang='lat' dir='ltr'><strong>hanc</strong></span> <span class='ocrx_word' id='word_1_64' title='bbox 516 771 698 817; x_wconf 85' lang='lat' dir='ltr'><strong>modum</strong></span> <span class='ocrx_word' id='word_1_65' title='bbox 718 770 853 816; x_wconf 62' lang='lat' dir='ltr'><strong>seciae</strong></span> <span class='ocrx_word' id='word_1_66' title='bbox 875 770 972 816; x_wconf 83' lang='lat' dir='ltr'><strong>suae</strong></span> <span class='ocrx_word' id='word_1_67' title='bbox 992 769 1313 834; x_wconf 75' lang='lat' dir='ltr'><strong>respondentia.</strong></span> <span class='ocrx_word' id='word_1_68' title='bbox 1332 772 1436 817; x_wconf 86' lang='lat' dir='ltr'><strong>Non</strong></span> <span class='ocrx_word' id='word_1_69' title='bbox 1453 771 1499 817; x_wconf 91' lang='lat' dir='ltr'><strong>hi</strong></span> <span class='ocrx_word' id='word_1_70' title='bbox 1513 770 1603 818; x_wconf 88' lang='lat' dir='ltr'><strong>tol-</strong></span> 
     </span>
     <span class='ocr_line' id='line_1_10' title="bbox 317 841 1603 906; baseline -0.002 -15"><span class='ocrx_word' id='word_1_71' title='bbox 317 845 411 892; x_wconf 84' lang='lat' dir='ltr'><strong>lunt</strong></span> <span class='ocrx_word' id='word_1_72' title='bbox 439 841 642 900; x_wconf 53' lang='lat' dir='ltr'><strong>affectus,</strong></span> <span class='ocrx_word' id='word_1_73' title='bbox 670 842 741 888; x_wconf 90' lang='lat' dir='ltr'><strong>sed</strong></span> <span class='ocrx_word' id='word_1_74' title='bbox 770 853 1014 903; x_wconf 75' lang='lat' dir='ltr'><strong>temperant</strong></span> <span class='ocrx_word' id='word_1_75' title='bbox 1042 860 1052 888; x_wconf 90' lang='lat'>:</span> <span class='ocrx_word' id='word_1_76' title='bbox 1082 843 1333 906; x_wconf 73' lang='lat' dir='ltr'><strong>qnantuium</strong></span> <span class='ocrx_word' id='word_1_77' title='bbox 1361 854 1505 888; x_wconf 73' lang='lat' dir='ltr'><strong>antem</strong></span> <span class='ocrx_word' id='word_1_78' title='bbox 1537 843 1603 889; x_wconf 83' lang='lat' dir='ltr'><strong>sa-</strong></span> 
     </span>
     <span class='ocr_line' id='line_1_11' title="bbox 317 913 1605 980; baseline -0.002 -17"><span class='ocrx_word' id='word_1_79' title='bbox 317 917 455 980; x_wconf 79' lang='lat' dir='ltr'><strong>pienti</strong></span> <span class='ocrx_word' id='word_1_80' title='bbox 473 917 625 964; x_wconf 82' lang='lat' dir='ltr'><strong>damus</strong></span> <span class='ocrx_word' id='word_1_81' title='bbox 642 951 654 971; x_wconf 92' lang='lat'>‚</span> <span class='ocrx_word' id='word_1_82' title='bbox 673 913 701 959; x_wconf 88' lang='lat' dir='ltr'><strong>fi</strong></span> <span class='ocrx_word' id='word_1_83' title='bbox 721 914 1012 961; x_wconf 78' lang='lat' dir='ltr'><strong>imbecillimis</strong></span> <span class='ocrx_word' id='word_1_84' title='bbox 1035 915 1193 961; x_wconf 81' lang='lat' dir='ltr'><strong>fortior</strong></span> <span class='ocrx_word' id='word_1_85' title='bbox 1213 915 1293 972; x_wconf 86' lang='lat' dir='ltr'><strong>est,</strong></span> <span class='ocrx_word' id='word_1_86' title='bbox 1314 926 1357 961; x_wconf 79' lang='lat' dir='ltr'><strong>et</strong></span> <span class='ocrx_word' id='word_1_87' title='bbox 1373 915 1605 961; x_wconf 83' lang='lat' dir='ltr'><strong>moestiffi-</strong></span> 
     </span>
     <span class='ocr_line' id='line_1_12' title="bbox 316 987 1605 1045; baseline -0.004 -8"><span class='ocrx_word' id='word_1_88' title='bbox 316 989 596 1045; x_wconf 79' lang='lat' dir='ltr'><strong>misiaetior‚</strong></span> <span class='ocrx_word' id='word_1_89' title='bbox 621 999 665 1034; x_wconf 89' lang='lat' dir='ltr'><strong>et</strong></span> <span class='ocrx_word' id='word_1_90' title='bbox 689 987 1043 1034; x_wconf 69' lang='lat' dir='ltr'><strong>effraenatiffimis</strong></span> <span class='ocrx_word' id='word_1_91' title='bbox 1063 988 1363 1042; x_wconf 78' lang='lat' dir='ltr'><strong>moderatior,</strong></span> <span class='ocrx_word' id='word_1_92' title='bbox 1387 1000 1429 1033; x_wconf 90' lang='lat' dir='ltr'><strong>et</strong></span> <span class='ocrx_word' id='word_1_93' title='bbox 1445 987 1605 1033; x_wconf 85' lang='lat' dir='ltr'><strong>humil-</strong></span> 
     </span>
     <span class='ocr_line' id='line_1_13' title="bbox 313 1059 1600 1122; baseline -0.002 -14"><span class='ocrx_word' id='word_1_94' title='bbox 313 1062 427 1110; x_wconf 86' lang='lat' dir='ltr'><strong>limis</strong></span> <span class='ocrx_word' id='word_1_95' title='bbox 450 1062 623 1108; x_wconf 83' lang='lat' dir='ltr'><strong>maior?</strong></span> <span class='ocrx_word' id='word_1_96' title='bbox 653 1061 774 1122; x_wconf 75' lang='lat' dir='ltr'><strong>Quid</strong></span> <span class='ocrx_word' id='word_1_97' title='bbox 796 1060 823 1105; x_wconf 71' lang='grc' dir='ltr'>ῗί</span> <span class='ocrx_word' id='word_1_98' title='bbox 851 1060 1032 1106; x_wconf 70' lang='lat' dir='ltr'><strong>miretur·</strong></span> <span class='ocrx_word' id='word_1_99' title='bbox 1060 1061 1347 1107; x_wconf 73' lang='lat' dir='ltr'><strong>velocitatem</strong></span> <span class='ocrx_word' id='word_1_100' title='bbox 1375 1059 1492 1107; x_wconf 81' lang='lat' dir='ltr'><strong>suam</strong></span> <span class='ocrx_word' id='word_1_101' title='bbox 1514 1061 1600 1105; x_wconf 87' lang='lat' dir='ltr'><strong>La-</strong></span> 
     </span>
     <span class='ocr_line' id='line_1_14' title="bbox 315 1131 1254 1196; baseline -0.004 -14"><span class='ocrx_word' id='word_1_102' title='bbox 315 1136 390 1183; x_wconf 69' lang='lat' dir='ltr'><strong>das</strong></span> <span class='ocrx_word' id='word_1_103' title='bbox 406 1172 420 1193; x_wconf 95' lang='lat'>‚</span> <span class='ocrx_word' id='word_1_104' title='bbox 444 1135 497 1181; x_wconf 86' lang='lat' dir='ltr'><strong>ad</strong></span> <span class='ocrx_word' id='word_1_105' title='bbox 522 1134 699 1182; x_wconf 82' lang='lat' dir='ltr'><strong>claudos</strong></span> <span class='ocrx_word' id='word_1_106' title='bbox 726 1132 976 1196; x_wconf 61' lang='lat' dir='ltr'><strong>debilesque</strong></span> <span class='ocrx_word' id='word_1_107' title='bbox 997 1131 1254 1196; x_wconf 78' lang='lat' dir='ltr'><strong>respiciens?</strong></span> 
     </span>
    </p>
   </div>
   <div class='ocr_carea' id='block_1_3' title="bbox 381 1267 1583 1569">
    <p class='ocr_par' dir='ltr' id='par_1_3' title="bbox 381 1267 1458 1411">
     <span class='ocr_line' id='line_1_15' title="bbox 381 1267 1412 1330; baseline -0.004 -14"><span class='ocrx_word' id='word_1_108' title='bbox 381 1272 467 1316; x_wconf 76' lang='lat' dir='ltr'><strong>Illa</strong></span> <span class='ocrx_word' id='word_1_109' title='bbox 500 1271 567 1316; x_wconf 75' lang='lat' dir='ltr'><strong>vel</strong></span> <span class='ocrx_word' id='word_1_110' title='bbox 595 1267 772 1313; x_wconf 66' lang='lat' dir='ltr'><strong>intac‘iae</strong></span> <span class='ocrx_word' id='word_1_111' title='bbox 790 1269 940 1330; x_wconf 72' lang='lat' dir='ltr'><strong>figeris</strong></span> <span class='ocrx_word' id='word_1_112' title='bbox 967 1284 1041 1328; x_wconf 73' lang='lat' dir='ltr'><strong>per</strong></span> <span class='ocrx_word' id='word_1_113' title='bbox 1058 1267 1231 1325; x_wconf 68' lang='lat' dir='ltr'><strong>summa</strong></span> <span class='ocrx_word' id='word_1_114' title='bbox 1256 1271 1412 1313; x_wconf 72' lang='lat' dir='ltr'><strong>volaret</strong></span> 
     </span>
     <span class='ocr_line' id='line_1_16' title="bbox 385 1345 1458 1411; baseline 0 -18"><span class='ocrx_word' id='word_1_115' title='bbox 385 1349 598 1394; x_wconf 80' lang='lat' dir='ltr'><strong>Gramina</strong></span> <span class='ocrx_word' id='word_1_116' title='bbox 615 1382 626 1403; x_wconf 94' lang='lat'>‚</span> <span class='ocrx_word' id='word_1_117' title='bbox 649 1365 720 1392; x_wconf 84' lang='lat' dir='ltr'><strong>nec</strong></span> <span class='ocrx_word' id='word_1_118' title='bbox 747 1347 865 1406; x_wconf 80' lang='lat' dir='ltr'><strong>cursu</strong></span> <span class='ocrx_word' id='word_1_119' title='bbox 892 1362 1048 1392; x_wconf 73' lang='lat' dir='ltr'><strong>teneras</strong></span> <span class='ocrx_word' id='word_1_120' title='bbox 1079 1345 1246 1409; x_wconf 77' lang='lat' dir='ltr'><strong>laestffit</strong></span> <span class='ocrx_word' id='word_1_121' title='bbox 1278 1348 1425 1411; x_wconf 82' lang='lat' dir='ltr'><strong>aristas</strong></span> <span class='ocrx_word' id='word_1_122' title='bbox 1442 1377 1458 1402; x_wconf 85' lang='lat'>‚</span> 
     </span>
    </p>

    <p class='ocr_par' dir='ltr' id='par_1_4' title="bbox 381 1426 1583 1569">
     <span class='ocr_line' id='line_1_17' title="bbox 389 1426 1583 1491; baseline -0.003 -16"><span class='ocrx_word' id='word_1_123' title='bbox 389 1433 471 1475; x_wconf 84' lang='lat' dir='ltr'><strong>Vel</strong></span> <span class='ocrx_word' id='word_1_124' title='bbox 492 1446 603 1474; x_wconf 82' lang='lat' dir='ltr'><strong>mare</strong></span> <span class='ocrx_word' id='word_1_125' title='bbox 626 1446 705 1489; x_wconf 80' lang='lat' dir='ltr'><strong>per</strong></span> <span class='ocrx_word' id='word_1_126' title='bbox 727 1429 902 1473; x_wconf 80' lang='lat' dir='ltr'><strong>medium</strong></span> <span class='ocrx_word' id='word_1_127' title='bbox 924 1462 936 1484; x_wconf 93' lang='lat'>‚</span> <span class='ocrx_word' id='word_1_128' title='bbox 951 1426 1089 1491; x_wconf 63' lang='lat' dir='ltr'><strong><em>fluffzc</em></strong></span> <span class='ocrx_word' id='word_1_129' title='bbox 1104 1427 1305 1488; x_wconf 67' lang='lat' dir='ltr'><strong>fizspenfiz</strong></span> <span class='ocrx_word' id='word_1_130' title='bbox 1329 1428 1538 1482; x_wconf 80' lang='lat' dir='ltr'><strong>tumenti,</strong></span> <span class='ocrx_word' id='word_1_131' title='bbox 1578 1452 1583 1456; x_wconf 92' lang='lat'><strong>·</strong></span> 
     </span>
     <span class='ocr_line' id='line_1_18' title="bbox 381 1510 1495 1569; baseline -0.002 -13"><span class='ocrx_word' id='word_1_132' title='bbox 381 1513 514 1556; x_wconf 72' lang='lat' dir='ltr'><strong>Ferret</strong></span> <span class='ocrx_word' id='word_1_133' title='bbox 540 1512 640 1565; x_wconf 84' lang='lat' dir='ltr'><strong>iter,</strong></span> <span class='ocrx_word' id='word_1_134' title='bbox 670 1513 807 1556; x_wconf 84' lang='lat' dir='ltr'><strong>celeres</strong></span> <span class='ocrx_word' id='word_1_135' title='bbox 834 1528 906 1555; x_wconf 80' lang='lat' dir='ltr'><strong>nec</strong></span> <span class='ocrx_word' id='word_1_136' title='bbox 925 1510 1093 1569; x_wconf 70' lang='lat' dir='ltr'><strong>cingeret</strong></span> <span class='ocrx_word' id='word_1_137' title='bbox 1121 1527 1288 1569; x_wconf 81' lang='lat' dir='ltr'><strong>aequore</strong></span> <span class='ocrx_word' id='word_1_138' title='bbox 1306 1512 1495 1569; x_wconf 80' lang='lat' dir='ltr'><strong>plantas.</strong></span> 
     </span>
    </p>
   </div>
   <div class='ocr_carea' id='block_1_4' title="bbox 315 1632 1603 2437">
    <p class='ocr_par' dir='ltr' id='par_1_5' title="bbox 315 1632 1603 2424">
     <span class='ocr_line' id='line_1_19' title="bbox 315 1632 1602 1696; baseline -0.004 -14"><span class='ocrx_word' id='word_1_139' title='bbox 315 1636 438 1683; x_wconf 82' lang='lat' dir='ltr'><strong>Haec</strong></span> <span class='ocrx_word' id='word_1_140' title='bbox 467 1633 528 1681; x_wconf 86' lang='lat' dir='ltr'><strong>est</strong></span> <span class='ocrx_word' id='word_1_141' title='bbox 552 1632 788 1696; x_wconf 82' lang='lat' dir='ltr'><strong>pernicitas</strong></span> <span class='ocrx_word' id='word_1_142' title='bbox 819 1651 897 1696; x_wconf 85' lang='lat' dir='ltr'><strong>per</strong></span> <span class='ocrx_word' id='word_1_143' title='bbox 923 1632 964 1680; x_wconf 93' lang='lat' dir='ltr'><strong>se</strong></span> <span class='ocrx_word' id='word_1_144' title='bbox 990 1633 1207 1680; x_wconf 82' lang='lat' dir='ltr'><strong>aestimata</strong></span> <span class='ocrx_word' id='word_1_145' title='bbox 1223 1667 1236 1687; x_wconf 88' lang='lat'><strong>‚</strong></span> <span class='ocrx_word' id='word_1_146' title='bbox 1254 1639 1354 1679; x_wconf 68' lang='lat' dir='ltr'><strong>&#39;non</strong></span> <span class='ocrx_word' id='word_1_147' title='bbox 1375 1648 1486 1695; x_wconf 85' lang='lat' dir='ltr'><strong>quae</strong></span> <span class='ocrx_word' id='word_1_148' title='bbox 1512 1642 1602 1677; x_wconf 84' lang='lat' dir='ltr'><strong>tar-</strong></span> 
     </span>
     <span class='ocr_line' id='line_1_20' title="bbox 317 1702 1602 1764; baseline -0.004 -11"><span class='ocrx_word' id='word_1_149' title='bbox 317 1706 595 1753; x_wconf 80' lang='lat' dir='ltr'><strong>diffimorum</strong></span> <span class='ocrx_word' id='word_1_150' title='bbox 623 1705 855 1752; x_wconf 82' lang='lat' dir='ltr'><strong>collatione</strong></span> <span class='ocrx_word' id='word_1_151' title='bbox 882 1704 1094 1752; x_wconf 77' lang='lat' dir='ltr'><strong>laudatur.</strong></span> <span class='ocrx_word' id='word_1_152' title='bbox 1124 1703 1250 1764; x_wconf 80' lang='lat' dir='ltr'><strong>Quid</strong></span> <span class='ocrx_word' id='word_1_153' title='bbox 1277 1703 1308 1748; x_wconf 89' lang='lat' dir='ltr'>fi</span> <span class='ocrx_word' id='word_1_154' title='bbox 1336 1702 1484 1748; x_wconf 79' lang='lat' dir='ltr'><strong>sanum</strong></span> <span class='ocrx_word' id='word_1_155' title='bbox 1513 1718 1602 1748; x_wconf 87' lang='lat' dir='ltr'><strong>vo-</strong></span> 
     </span>
     <span class='ocr_line' id='line_1_21' title="bbox 315 1776 1603 1834; baseline -0.004 -8"><span class='ocrx_word' id='word_1_156' title='bbox 315 1794 388 1827; x_wconf 82' lang='lat' dir='ltr'><strong>ces</strong></span> <span class='ocrx_word' id='word_1_157' title='bbox 404 1816 417 1834; x_wconf 91' lang='lat'>‚</span> <span class='ocrx_word' id='word_1_158' title='bbox 441 1779 601 1826; x_wconf 87' lang='lat' dir='ltr'><strong>leviter</strong></span> <span class='ocrx_word' id='word_1_159' title='bbox 627 1778 977 1825; x_wconf 79' lang='lat' dir='ltr'><strong>febricitantem?</strong></span> <span class='ocrx_word' id='word_1_160' title='bbox 1014 1794 1105 1824; x_wconf 87' lang='lat' dir='ltr'><strong>non</strong></span> <span class='ocrx_word' id='word_1_161' title='bbox 1129 1776 1190 1823; x_wconf 86' lang='lat' dir='ltr'><strong>est</strong></span> <span class='ocrx_word' id='word_1_162' title='bbox 1220 1777 1335 1823; x_wconf 81' lang='lat' dir='ltr'><strong>bona</strong></span> <span class='ocrx_word' id='word_1_163' title='bbox 1357 1776 1565 1823; x_wconf 78' lang='lat' dir='ltr'><strong>valetudo</strong></span> <span class='ocrx_word' id='word_1_164' title='bbox 1587 1809 1603 1834; x_wconf 89' lang='lat'>,</span> 
     </span>
     <span class='ocr_line' id='line_1_22' title="bbox 316 1848 1602 1914; baseline -0.007 -13"><span class='ocrx_word' id='word_1_165' title='bbox 316 1853 602 1901; x_wconf 85' lang='lat' dir='ltr'><strong>mediocritas</strong></span> <span class='ocrx_word' id='word_1_166' title='bbox 621 1851 780 1898; x_wconf 84' lang='lat' dir='ltr'><strong>morbi.</strong></span> <span class='ocrx_word' id='word_1_167' title='bbox 800 1851 869 1898; x_wconf 89' lang='lat' dir='ltr'><strong>Sic</strong></span> <span class='ocrx_word' id='word_1_168' title='bbox 884 1887 897 1909; x_wconf 89' lang='lat'>‚</span> <span class='ocrx_word' id='word_1_169' title='bbox 926 1851 1066 1914; x_wconf 84' lang='lat' dir='ltr'><strong>inquit</strong></span> <span class='ocrx_word' id='word_1_170' title='bbox 1084 1887 1097 1907; x_wconf 84' lang='lat'>,</span> <span class='ocrx_word' id='word_1_171' title='bbox 1124 1849 1286 1912; x_wconf 86' lang='lat' dir='ltr'><strong>sapiens</strong></span> <span class='ocrx_word' id='word_1_172' title='bbox 1304 1848 1602 1910; x_wconf 85' lang='lat' dir='ltr'><strong>imperturba-</strong></span> 
     </span>
     <span class='ocr_line' id='line_1_23' title="bbox 315 1920 1603 1990; baseline -0.007 -16"><span class='ocrx_word' id='word_1_173' title='bbox 315 1940 385 1974; x_wconf 81' lang='lat' dir='ltr'><strong>tus</strong></span> <span class='ocrx_word' id='word_1_174' title='bbox 413 1927 599 1984; x_wconf 84' lang='lat' dir='ltr'><strong>dicitur,</strong></span> <span class='ocrx_word' id='word_1_175' title='bbox 618 1927 853 1990; x_wconf 84' lang='lat' dir='ltr'><strong>quomodo</strong></span> <span class='ocrx_word' id='word_1_176' title='bbox 877 1925 1059 1990; x_wconf 81' lang='lat' dir='ltr'><strong>apyrina</strong></span> <span class='ocrx_word' id='word_1_177' title='bbox 1085 1924 1310 1979; x_wconf 83' lang='lat' dir='ltr'><strong>dicuntur,</strong></span> <span class='ocrx_word' id='word_1_178' title='bbox 1332 1938 1422 1967; x_wconf 88' lang='lat' dir='ltr'><strong>non</strong></span> <span class='ocrx_word' id='word_1_179' title='bbox 1446 1920 1603 1984; x_wconf 87' lang='lat' dir='ltr'><strong>quibus</strong></span> 
     </span>
     <span class='ocr_line' id='line_1_24' title="bbox 317 1993 1603 2064; baseline -0.008 -15"><span class='ocrx_word' id='word_1_180' title='bbox 317 2003 434 2049; x_wconf 81' lang='lat' dir='ltr'><strong>nulla</strong></span> <span class='ocrx_word' id='word_1_181' title='bbox 459 2001 568 2049; x_wconf 89' lang='lat' dir='ltr'><strong>inest</strong></span> <span class='ocrx_word' id='word_1_182' title='bbox 591 2001 747 2048; x_wconf 82' lang='lat' dir='ltr'><strong>duritia</strong></span> <span class='ocrx_word' id='word_1_183' title='bbox 779 2018 1010 2064; x_wconf 75' lang='lat' dir='ltr'><strong>granorum</strong></span> <span class='ocrx_word' id='word_1_184' title='bbox 1026 2036 1039 2057; x_wconf 87' lang='lat'>,</span> <span class='ocrx_word' id='word_1_185' title='bbox 1068 1998 1138 2045; x_wconf 85' lang='lat' dir='ltr'><strong>sed</strong></span> <span class='ocrx_word' id='word_1_186' title='bbox 1158 1997 1314 2060; x_wconf 82' lang='lat' dir='ltr'><strong>quibus</strong></span> <span class='ocrx_word' id='word_1_187' title='bbox 1334 1995 1491 2042; x_wconf 87' lang='lat' dir='ltr'><strong>minor.</strong></span> <span class='ocrx_word' id='word_1_188' title='bbox 1509 1993 1603 2040; x_wconf 86' lang='lat' dir='ltr'><strong>Fal-</strong></span> 
     </span>
     <span class='ocr_line' id='line_1_25' title="bbox 317 2067 1602 2125; baseline -0.009 0"><span class='ocrx_word' id='word_1_189' title='bbox 317 2076 413 2125; x_wconf 83' lang='lat' dir='ltr'><strong>sum</strong></span> <span class='ocrx_word' id='word_1_190' title='bbox 435 2075 510 2125; x_wconf 90' lang='lat' dir='ltr'><strong>est.</strong></span> <span class='ocrx_word' id='word_1_191' title='bbox 529 2077 641 2123; x_wconf 90' lang='lat' dir='ltr'><strong>Non</strong></span> <span class='ocrx_word' id='word_1_192' title='bbox 659 2074 775 2122; x_wconf 88' lang='lat' dir='ltr'><strong>enim</strong></span> <span class='ocrx_word' id='word_1_193' title='bbox 804 2069 1141 2120; x_wconf 68' lang='lat' dir='ltr'><strong>diminutionem</strong></span> <span class='ocrx_word' id='word_1_194' title='bbox 1169 2067 1416 2115; x_wconf 80' lang='lat' dir='ltr'><strong>malorum</strong></span> <span class='ocrx_word' id='word_1_195' title='bbox 1406 2085 1450 2113; x_wconf 80' lang='lat' dir='ltr'><strong>in</strong></span> <span class='ocrx_word' id='word_1_196' title='bbox 1476 2067 1602 2113; x_wconf 86' lang='lat' dir='ltr'><strong>bono</strong></span> 
     </span>
     <span class='ocr_line' id='line_1_26' title="bbox 318 2137 1601 2211; baseline -0.011 -14"><span class='ocrx_word' id='word_1_197' title='bbox 318 2148 425 2198; x_wconf 87' lang='lat' dir='ltr'><strong>viro</strong></span> <span class='ocrx_word' id='word_1_198' title='bbox 456 2148 684 2211; x_wconf 75' lang='lat' dir='ltr'><strong>intelligo,</strong></span> <span class='ocrx_word' id='word_1_199' title='bbox 718 2146 790 2193; x_wconf 86' lang='lat' dir='ltr'><strong>sed</strong></span> <span class='ocrx_word' id='word_1_200' title='bbox 819 2145 1109 2193; x_wconf 78' lang='lat' dir='ltr'><strong>vacationem.</strong></span> <span class='ocrx_word' id='word_1_201' title='bbox 1149 2142 1263 2188; x_wconf 81' lang='lat' dir='ltr'><strong>nuila</strong></span> <span class='ocrx_word' id='word_1_202' title='bbox 1297 2140 1455 2187; x_wconf 86' lang='lat' dir='ltr'><strong>debent</strong></span> <span class='ocrx_word' id='word_1_203' title='bbox 1483 2137 1601 2197; x_wconf 79' lang='lat' dir='ltr'><strong>effe,</strong></span> 
     </span>
     <span class='ocr_line' id='line_1_27' title="bbox 317 2210 1601 2285; baseline -0.01 -16"><span class='ocrx_word' id='word_1_204' title='bbox 317 2239 412 2269; x_wconf 91' lang='lat' dir='ltr'><strong>non</strong></span> <span class='ocrx_word' id='word_1_205' title='bbox 431 2237 581 2285; x_wconf 83' lang='lat' dir='ltr'><strong>parva.</strong></span> <span class='ocrx_word' id='word_1_206' title='bbox 601 2221 715 2266; x_wconf 85' lang='lat' dir='ltr'><strong>Nam</strong></span> <span class='ocrx_word' id='word_1_207' title='bbox 742 2218 772 2264; x_wconf 84' lang='lat' dir='ltr'>fi</span> <span class='ocrx_word' id='word_1_208' title='bbox 793 2217 875 2265; x_wconf 74' lang='lat' dir='ltr'><strong>ulla</strong></span> <span class='ocrx_word' id='word_1_209' title='bbox 898 2217 1002 2275; x_wconf 70' lang='lat' dir='ltr'><strong>sint,</strong></span> <span class='ocrx_word' id='word_1_210' title='bbox 1024 2218 1242 2272; x_wconf 86' lang='lat' dir='ltr'><strong>crescent,</strong></span> <span class='ocrx_word' id='word_1_211' title='bbox 1263 2226 1306 2262; x_wconf 88' lang='lat' dir='ltr'><strong>et</strong></span> <span class='ocrx_word' id='word_1_212' title='bbox 1323 2211 1496 2260; x_wconf 87' lang='lat' dir='ltr'><strong>interim</strong></span> <span class='ocrx_word' id='word_1_213' title='bbox 1517 2210 1601 2257; x_wconf 90' lang='lat' dir='ltr'><strong>im·</strong></span> 
     </span>
     <span class='ocr_line' id='line_1_28' title="bbox 318 2283 1601 2357; baseline -0.009 -16"><span class='ocrx_word' id='word_1_214' title='bbox 318 2295 513 2357; x_wconf 90' lang='lat' dir='ltr'><strong>pedient.</strong></span> <span class='ocrx_word' id='word_1_215' title='bbox 537 2292 788 2355; x_wconf 84' lang='lat' dir='ltr'><strong>Quomodo</strong></span> <span class='ocrx_word' id='word_1_216' title='bbox 811 2292 967 2338; x_wconf 74' lang='lat' dir='ltr'><strong>oculos</strong></span> <span class='ocrx_word' id='word_1_217' title='bbox 993 2290 1135 2336; x_wconf 86' lang='lat' dir='ltr'><strong>maior</strong></span> <span class='ocrx_word' id='word_1_218' title='bbox 1160 2300 1202 2335; x_wconf 89' lang='lat' dir='ltr'><strong>et</strong></span> <span class='ocrx_word' id='word_1_219' title='bbox 1218 2287 1405 2352; x_wconf 58' lang='lat' dir='ltr'><strong>perfecta</strong></span> <span class='ocrx_word' id='word_1_220' title='bbox 1429 2283 1601 2331; x_wconf 71' lang='lat' dir='ltr'><strong>suffusio</strong></span> 
     </span>
     <span class='ocr_line' id='line_1_29' title="bbox 319 2356 1601 2437; baseline -0.009 -23"><span class='ocrx_word' id='word_1_221' title='bbox 319 2379 546 2425; x_wconf 78' lang='lat' dir='ltr'><strong>excaecat,</strong></span> <span class='ocrx_word' id='word_1_222' title='bbox 581 2366 638 2413; x_wconf 88' lang='lat' dir='ltr'><strong>fic</strong></span> <span class='ocrx_word' id='word_1_223' title='bbox 664 2366 837 2412; x_wconf 81' lang='lat' dir='ltr'><strong>modica</strong></span> <span class='ocrx_word' id='word_1_224' title='bbox 865 2364 1022 2437; x_wconf 81' lang='lat' dir='ltr'><strong>turbat.</strong></span> <span class='ocrx_word' id='word_1_225' title='bbox 1045 2364 1089 2410; x_wconf 87' lang='lat' dir='ltr'><strong>Si</strong></span> <span class='ocrx_word' id='word_1_226' title='bbox 1121 2364 1195 2409; x_wconf 82' lang='lat' dir='ltr'><strong>das</strong></span> <span class='ocrx_word' id='word_1_227' title='bbox 1225 2361 1397 2424; x_wconf 82' lang='lat' dir='ltr'><strong>aliquos</strong></span> <span class='ocrx_word' id='word_1_228' title='bbox 1425 2356 1601 2404; x_wconf 68' lang='lat' dir='ltr'><strong>affeEhxs</strong></span> 
     </span>
    </p>
   </div>
   <div class='ocr_carea' id='block_1_5' title="bbox 321 2437 1601 2505">
    <p class='ocr_par' dir='ltr' id='par_1_6' title="bbox 321 2437 1601 2505">
     <span class='ocr_line' id='line_1_30' title="bbox 321 2437 1601 2505; baseline -0.009 -16"><span class='ocrx_word' id='word_1_229' title='bbox 321 2440 535 2505; x_wconf 80' lang='lat' dir='ltr'><strong>sapienti,</strong></span> <span class='ocrx_word' id='word_1_230' title='bbox 551 2440 693 2505; x_wconf 84' lang='lat' dir='ltr'><strong>impar</strong></span> <span class='ocrx_word' id='word_1_231' title='bbox 713 2439 796 2488; x_wconf 85' lang='lat' dir='ltr'><strong>illis</strong></span> <span class='ocrx_word' id='word_1_232' title='bbox 815 2450 897 2488; x_wconf 83' lang='lat' dir='ltr'><strong>eut</strong></span> <span class='ocrx_word' id='word_1_233' title='bbox 915 2450 1058 2501; x_wconf 75' lang='lat' dir='ltr'><strong>ratio</strong></span> <span class='ocrx_word' id='word_1_234' title='bbox 1075 2450 1117 2487; x_wconf 87' lang='lat' dir='ltr'><strong>et</strong></span> <span class='ocrx_word' id='word_1_235' title='bbox 1134 2437 1254 2489; x_wconf 87' lang='lat' dir='ltr'><strong>velut</strong></span> <span class='ocrx_word' id='word_1_236' title='bbox 1272 2446 1466 2484; x_wconf 84' lang='lat' dir='ltr'><strong>torrente</strong></span> <span class='ocrx_word' id='word_1_237' title='bbox 1484 2446 1601 2496; x_wconf 86' lang='lat' dir='ltr'><strong>quo-</strong></span> 
     </span>
    </p>
   </div>
   <div class='ocr_carea' id='block_1_6' title="bbox 1744 0 1797 2023">
    <p class='ocr_par' dir='ltr' id='par_1_7' title="bbox 1744 0 1797 2023">
     <span class='ocr_line' id='line_1_31' title="bbox 1744 0 1797 2023; baseline 0 0"><span class='ocrx_word' id='word_1_238' title='bbox 1744 0 1797 2023; x_wconf 95' lang='lat' dir='ltr'><strong> </strong></span> 
     </span>
    </p>
   </div>
   <div class='ocr_carea' id='block_1_7' title="bbox 1772 2261 1778 2956">
    <p class='ocr_par' dir='ltr' id='par_1_8' title="bbox 1772 2261 1778 2956">
     <span class='ocr_line' id='line_1_32' title="bbox 1772 2261 1778 2956; baseline 0 0"><span class='ocrx_word' id='word_1_239' title='bbox 1772 2261 1778 2956; x_wconf 95' lang='lat' dir='ltr'><strong> </strong></span> 
     </span>
    </p>
   </div>
   <div class='ocr_carea' id='block_1_8' title="bbox 1770 2637 1797 2956">
    <p class='ocr_par' dir='ltr' id='par_1_9' title="bbox 1770 2637 1797 2956">
     <span class='ocr_line' id='line_1_33' title="bbox 1770 2637 1797 2956; baseline 0 0"><span class='ocrx_word' id='word_1_240' title='bbox 1770 2637 1797 2956; x_wconf 95' lang='lat' dir='ltr'><strong> </strong></span> 
     </span>
    </p>
   </div>
  </div>
 </body>
</html>
