1780 2988
510 159 1088 209 EPISTOLAE.
1213 188 1215 190 -
1343 166 1430 229 385

166 263 318 311 sentiat
334 300 347 321 ‚
371 264 630 310 brevitatem
661 266 758 312 aevi
778 301 790 323 ‚
811 278 854 313 et
882 267 1085 314 dolorem
1104 303 1117 325 ,
1136 281 1180 316 et
1197 282 1435 332 corporum

166 340 307 386 varias
325 339 596 385 offensiones.
629 339 742 384 Nam
772 340 975 401 voluptas
1006 357 1097 386 non
1117 341 1179 386 est
1207 343 1333 403 digna
1352 379 1364 399 ,
1384 344 1437 389 ad

165 427 295 474 quam
324 412 532 472 respiciat.
565 412 687 470 Quid
707 411 826 456 estin
856 412 1014 458 virtute
1033 414 1314 475 praecipuum
1334 419 1349 460 ?
1370 416 1434 463 fu-

164 497 265 530 turo
285 501 374 530 non
392 484 586 545 indigere
601 520 613 541 ‚
633 502 712 531 nec
730 485 818 532 dies
834 486 932 533 suos
952 503 1222 550 computare,
1244 489 1286 533 in
1307 507 1437 552 quan-

164 558 320 604 tolibet
353 570 554 618 tempore
590 570 762 603 aeterna
799 560 1116 606 consummare.
1164 562 1433 608 Incredibilia

165 629 293 674 nobis
329 629 434 675 haec
462 629 667 675 videntur
689 661 702 684 ‚
734 643 774 675 et
815 631 938 693 supra
967 631 1203 678 humanam
1237 646 1434 680 naturam

164 700 447 746 excurrentia.
464 700 723 747 maiestatem
747 701 860 748 enim
878 702 968 751 eius
991 719 1043 748 ex
1071 703 1214 750 nostra
1235 705 1434 751 imbecil⁶

164 772 280 818 litate
303 774 533 831 metimur,
558 790 600 821 et
630 775 746 821 vitiis
779 775 934 822 nostris
960 792 1124 822 nomen
1153 777 1326 825 virtutis
1350 780 1435 826 im*

165 845 383 908 ponimus.
416 846 536 906 Quid
563 864 726 908 porro,
755 864 843 893 non
862 864 999 909 aeque
1021 847 1276 896 incredibile
1303 850 1432 897 vide-

165 930 260 975 tur,
281 919 463 981 aliquem
489 919 533 965 in
553 920 726 966 summis
748 920 1007 967 cruciatibus
1032 920 1218 982 politum
1237 957 1250 977 ‚
1265 924 1433 980 dicere,

166 991 322 1036 Beatus
351 991 473 1036 sum?
496 991 617 1049 atqui
648 992 753 1037 haec
777 1008 866 1038 vox
894 993 937 1038 in
958 993 1046 1054 ipsa
1070 993 1243 1039 officina
1267 997 1432 1059 volupe,

165 1062 264 1107 tatis
288 1060 346 1106 est
369 1062 523 1108 audita.
568 1061 880 1119 Beatiffimum,
907 1063 1049 1124 inquit
1067 1098 1081 1118 ,
1108 1063 1223 1110 hunc
1254 1077 1295 1110 et
1329 1067 1434 1113 ulti*-

166 1150 286 1179 mum
317 1134 432 1179 diem
462 1150 575 1196 ago,
603 1135 846 1196 Epicurus:
879 1151 976 1180 cum
1013 1135 1133 1180 illum
1160 1136 1260 1182 hinc
1285 1140 1434 1186 urinae

167 1206 395 1253 difficultas
418 1221 640 1269 torqueret
658 1239 671 1264 -,
693 1207 793 1252 hinc
814 1206 1057 1253 insanabilis
1084 1205 1320 1257 exulcerati
1349 1213 1436 1258 do-

165 1279 235 1324 l'or
264 1279 441 1325 ventris.
475 1281 623 1338 Quare
647 1293 754 1341 'ergo
782 1279 1055 1325 incredibilia
1084 1280 1179 1327 sunt
1212 1281 1287 1327 ista
1319 1280 1436 1345 apud

166 1369 265 1410 eos,
289 1353 362 1415 qui
389 1353 591 1399 virtutem
613 1354 761 1398 colunt
784 1367 793 1398 ε
816 1367 912 1399 cum
934 1354 1048 1414 apud
1069 1370 1146 1399 eos
1171 1370 1350 1418 quoque
1368 1374 1436 1403 rei

167 1425 410 1487 periantur‚
438 1425 552 1487 apud
572 1441 681 1486 quos
703 1425 904 1487 voluptas
923 1425 1141 1487 imperat?
1173 1426 1231 1471 Hi
1256 1441 1436 1491 quoque

167 1496 401 1558 degeneres
417 1510 460 1542 et
479 1496 745 1542 humillimae
764 1496 921 1543 mentis
945 1497 1084 1549 aiunt„
1101 1497 1144 1543 in
1163 1499 1339 1545 summis
1357 1500 1438 1545 do·-

167 1567 357 1623 loribus,
374 1568 419 1614 in
440 1567 614 1614 summis
632 1568 965 1626 calamitatibus,
995 1569 1230 1630 sapientem
1255 1587 1336 1615 nec
1355 1570 1436 1617 mi·-

167 1641 306 1688 serum
322 1642 531 1697 futurum,
550 1660 628 1689 nec
647 1644 833 1688 bearunt.
849 1642 982 1704 Atqui
997 1643 1082 1688 hoc
1103 1659 1280 1705 quoque
1301 1643 1438 1691 incre-

167 1714 297 1759 dibile
315 1713 390 1771 est,
408 1714 546 1759 immo
564 1714 870 1760 incredibilius.
891 1714 996 1759 Non
1013 1714 1145 1760 video
1161 1715 1298 1771 enim,
1317 1731 1437 1777 quoe

167 1786 306 1831 modo
332 1802 423 1831 non
448 1786 490 1831 in
509 1785 708 1831 infimum
739 1799 917 1849 agatur,
938 1801 962 1830 e
981 1784 1152 1848 fastigio
1170 1785 1248 1832 suo
1276 1788 1438 1834 deiecta

168 1858 317 1903 virtus.
350 1861 435 1904 Aut
463 1859 636 1903 beatum
673 1858 883 1917 praestare
911 1856 1068 1902 debet:
1091 1869 1188 1914 aut,
1215 1857 1244 1903 si
1267 1859 1322 1904 ab
1352 1859 1439 1907 hoc

169 1929 341 1990 depulsa
357 1929 416 1974 est
430 1965 441 1985 ,
461 1945 550 1976 non
571 1928 822 1991 prohibebit
842 1927 934 1973 fieri
955 1927 1171 1974 miserum,
1200 1930 1324 1975 Stans
1349 1946 1441 1975 non

168 2001 312 2063 potest
341 2002 472 2048 vinci.
504 2014 575 2047 aut
594 2003 793 2048 vincatur
817 2015 1017 2063 oportet,
1038 2013 1110 2046 aut
1129 2001 1292 2048 vincat.
1325 2002 1443 2060 Diis,

169 2072 325 2135 inquit,
346 2073 661 2119 immortalibus
680 2072 780 2119 solis
801 2086 843 2117 et
864 2072 1004 2117 virtus
1019 2084 1062 2117 et
1080 2071 1202 2117 beata
1223 2072 1312 2118 vita
1331 2089 1444 2119 con*

169 2142 328 2205 tingit:
359 2144 488 2190 nobis
522 2145 673 2189 umbra
695 2143 905 2206 quaedam
939 2142 1114 2188 illorum
1146 2141 1367 2189 bonorum
1399 2153 1445 2190 et

169 2215 420 2264 similitudo.
447 2218 691 2263 accedimus
715 2218 768 2262 ad
788 2217 878 2271 illa,
911 2232 1002 2262 non
1034 2216 1331 2277 pervenimus.
1359 2218 1446 2263 Ra·-

169 2287 234 2333 tio
264 2305 376 2335 vero
395 2323 409 2345 ‚
445 2289 528 2334 diis
557 2289 898 2350 hominibusque
936 2287 1185 2334 communis
1213 2305 1224 2334 ε
1257 2287 1362 2335 haec
1397 2289 1446 2335 in

171 2360 254 2408 illis
279 2362 577 2408 consummata
604 2361 665 2408 est
684 2397 698 2419 ‚
728 2361 773 2407 in
802 2361 930 2408 nobis
959 2361 1328 2408 consummabilis.
1361 2361 1451 2410 Sed.

171 2437 225 2482 ad
254 2435 597 2497 desperationem
621 2450 702 2481 nos
727 2434 837 2481 vitia
865 2434 1010 2483 nostra
1032 2435 1290 2498 perducunt.
1329 2436 1448 2483 Nam

237 2510 285 2556 L.
311 2512 432 2559 Arm.
460 2511 628 2557 Seneca.
661 2511 754 2555 Vol.
781 2509 870 2558 Ill.
1133 2508 1208 2553 Bb
