1807 3004
505 188 1087 236 EPISTOLAE.
1349 198 1430 244 143

499 335 974 379 EPISTOLA
1058 331 1106 378 L,

171 485 321 529 Caecos
352 499 429 527 nos
458 481 502 524 in
533 480 648 525 vitiis
670 479 762 544 effi,
793 494 867 524 aut
894 481 1122 523 velamenta
1157 479 1215 531 iis
1247 497 1442 539 quaerefe.

228 555 506 618 Agnofienda
524 570 615 598 aute
618 572 673 610 m,
691 552 733 599 G*
748 553 919 598 remedia
937 554 1175 611 quaerenda.
1197 555 1321 597 Unde
1335 556 1442 598 alio-

227 630 302 690 qui
331 627 659 686 animifiztzz‘tas.
657 629 675 660 Ρ
704 645 804 688 quae
823 628 943 670 etiam
965 627 1150 686 continge
1154 644 1220 669 re
1207 628 1302 670 νεῖ
1287 641 1416 670 tfzvete
1422 653 1442 661 -

230 703 334 747 ratis
352 701 630 763 vitiispocest:
643 719 667 760 q
672 701 744 745 uia
762 701 828 744 ille
841 698 1059 757 facilist
1009 717 1026 741 c
1043 699 1124 761 [fle
1105 667 1199 756 ῗῖἕὶ,
1215 694 1255 742 ’ς
1272 699 1415 743 Mum
1416 716 1443 743 z

229 776 289 818 ad
313 775 462 819 bonum
493 777 619 820 volat.

168 881 561 997 EprsTOLAM
598 958 719 992 tuam
753 944 900 1007 accepi
932 943 1031 1007 post
1058 942 1218 991 multos
1244 944 1409 992 menses
1426 981 1441 1002 ‚

165 1037 297 1083 quam
316 1021 504 1067 miseras.
523 1022 871 1084 supervacuum
861 1019 1007 1081 itaque
1025 1018 1203 1080 putavi,
1224 1019 1278 1064 ab
1295 1036 1349 1065 eo
1368 1021 1444 1083 qui

167 1091 394 1172 afferebat,
423 1091 530 1154 quid
548 1107 722 1155 ageres»,
751 1106 972 1154 quaerere
998 1090 1135 1135 Valde
1157 1089 1275 1136 enim
1299 1091 1444 1139 bonae

165 1164 408 1210 memoriae
426 1162 514 1219 est,
544 1161 573 1207 si
594 1161 821 1208 meminit.
842 1173 884 1207 et
900 1175 1046 1206 tamen
1065 1160 1192 1223 spero
1210 1174 1253 1208 te
1273 1162 1365 1209 sic
1354 1180 1443 1209 iam

166 1236 349 1292 vivere,
377 1248 427 1282 ut
456 1235 707 1296 ubicunque
742 1231 854 1291 eris,
889 1232 1019 1279 sciam
1049 1232 1156 1294 quid
1185 1249 1294 1296 agas.
1322 1235 1446 1294 Quid

169 1308 285 1355 enirn
317 1308 432 1354 aliud
459 1324 584 1371 agas,
609 1323 741 1370 quam
762 1318 808 1351 ut
829 1305 1056 1352 meliorem
1074 1318 1117 1352 te
1136 1306 1225 1368 ipse
1246 1308 1446 1370 quotidie

167 1381 297 1428 facias
313 1415 326 1436 ‚
347 1394 393 1428 ut
409 1381 570 1445 aliquid
589 1398 644 1427 ex
663 1379 886 1426 erroribus
905 1394 1041 1440 ponas
1054 1414 1066 1436 ‚
1086 1390 1133 1424 ut
1147 1379 1356 1444 intelligas
1372 1393 1446 1428 tua

167 1455 274 1500 vitia
292 1454 376 1500 esse
390 1490 403 1512 ‚
423 1469 532 1516 quae
553 1464 674 1514 putas
694 1452 872 1498 rerum?
896 1452 1122 1511 Quaedam
1140 1453 1256 1498 enim
1274 1453 1382 1501 locis
1401 1468 1446 1502 et

167 1527 436 1590 temporibus
461 1525 740 1573 adscribimus
759 1543 769 1570 :
791 1538 834 1571 at
853 1525 949 1583 illa,
979 1541 1244 1589 quocunque
1267 1528 1446 1575 transie-

167 1600 322 1655 rimus,
335 1600 529 1646 secutura
544 1599 652 1646 sunt.
673 1597 913 1660 Harpasten
926 1633 938 1655 ,
957 1599 1108 1644 uxoris
1125 1615 1248 1645 meae
1266 1600 1448 1661 fatuam,

167 1674 246 1720 scis
264 1672 570 1720 hereditarium
597 1687 708 1717 onus
729 1671 773 1716 in
793 1671 932 1716 domo
955 1687 1050 1716 mea
1069 1672 1326 1720 remanfiffe.
1353 1677 1447 1737 Ipse

168 1746 286 1791 enim
316 1743 599 1791 averfiffimus
628 1743 682 1788 ab
714 1743 802 1789 istis
833 1743 1044 1805 prodigiis
1072 1743 1183 1790 sum.
1208 1744 1238 1790 fi
1267 1748 1448 1809 quando

168 1816 292 1864 fatuo
311 1817 512 1863 dele&ari
531 1815 667 1870 volo,
688 1833 776 1860 non
793 1815 852 1860 est
870 1815 977 1860 mihi
994 1816 1126 1877 longe
1144 1819 1413 1878 quaerendus
1436 1836 1450 1865 :

170 1906 242 1934 me
266 1889 404 1934 rideo.
429 1889 551 1950 Haec
572 1887 688 1933 fatua
706 1887 847 1932 subito
875 1884 994 1931 defiit
1018 1885 1183 1933 videre.
1202 1889 1447 1936 Incredibi-

169 1964 257 2009 lem
284 1964 363 2008 tibi
395 1979 526 2008 narro
546 1979 639 2008 rem
660 1997 672 2018 ‚
706 1961 778 2007 sed
810 1977 975 2008 veram.
1004 1960 1137 2007 nescit
1166 1962 1251 2008 eise
1280 1963 1322 2010 se
1350 1981 1447 2012 cae-

172 2053 292 2082 cam:
314 2035 492 2081 subinde
522 2036 821 2098 paedagogum
855 2033 975 2079 suum
1006 2048 1157 2096 rogat,
1188 2051 1233 2081 ut
1258 2037 1448 2099 migret:

172 2109 230 2154 ait
258 2110 438 2154 domum
471 2108 743 2154 tenebrosam
771 2105 869 2153 effe.
896 2107 996 2152 Hoc
1025 2107 1144 2169 quod
1170 2108 1213 2152 in
1241 2108 1309 2153 ilia
1331 2110 1447 2155 ride*

172 2199 269 2229 mus
284 2217 298 2239 ,
321 2173 526 2229 omnibus
545 2182 671 2235 nobis
690 2181 886 2229 accidere
901 2216 913 2237 ,
942 2182 1100 2241 liqueat
1125 2181 1216 2227 tibi.
1242 2183 1388 2228 Nemo
1408 2184 1449 2229 se

173 2272 352 2302 avarum
373 2254 455 2300 effe
482 2254 707 2318 intelligit,
738 2270 870 2300 nemo
896 2254 1118 2314 cupidum.
1151 2254 1279 2300 Caeci
1301 2267 1447 2302 tamen

174 2328 328 2373 ducem
347 2339 585 2388 quaerunt:
607 2344 688 2373 nos
709 2327 796 2372 fine
815 2327 925 2375 'duce
946 2343 1153 2381 erramus,
1172 2343 1215 2372 et
1235 2328 1416 2375 dicimus
1437 2345 1450 2375 ε

136 2396 141 2400 ’
174 2401 279 2446 Νοη
299 2416 382 2462 ego
402 2400 654 2447 ambitiosus
673 2400 787 2455 sum,
805 2400 874 2445 sed
895 2415 1024 2444 nemo
1038 2399 1157 2444 aliter
1178 2402 1345 2447 Romae
1367 2417 1450 2462 po-

172 2473 252 2521 test
271 2474 442 2522 vivere.
471 2462 578 2522 Non
597 2490 682 2538 ego
707 2464 951 2521 sumtucsus
978 2473 1098 2532 sum,
1131 2474 1203 2521 sed
1231 2475 1335 2522 urbs
1358 2474 1450 2539 ipsa
