1797 2956
321 205 410 265 238
547 205 596 250 L.
649 205 958 250 ANNAEI
1009 169 1375 249 SENECAE

317 309 538 369 reddidit,
572 327 663 357 non
696 309 893 372 praestat.
928 309 1052 372 saepe
1081 311 1135 357 ad
1167 311 1353 357 eundem
1376 325 1506 374 quem
1525 310 1603 357 ad-

315 395 583 441 vocaverat,
609 383 851 430 excitatur:
883 382 1053 430 animus
1082 383 1213 431 semel
1243 385 1287 430 in
1313 395 1460 431 totum
1482 383 1603 430 sana-

314 469 398 505 tur.
425 456 588 503 Dicam
607 455 842 518 quomodo
861 454 1073 517 intelligas
1091 454 1253 502 sanum.
1270 454 1300 501 fi
1321 455 1363 502 se
1383 455 1472 517 ipse
1490 471 1602 502 con-

315 544 460 579 tentus
488 528 577 586 est,
599 528 630 573 fi
657 527 841 575 confidit
860 528 937 574 fibi
955 547 966 582 ·,
984 528 1015 573 fi
1035 527 1140 586 scit,
1163 528 1313 577 omnia
1338 541 1446 577 vota
1477 544 1602 574 mor-

313 607 492 663 talium,
525 603 675 651 omnia
699 601 907 649 beneficia
939 618 1053 665 quae
1086 602 1242 648 dantur
1276 613 1602 664 petunturque,

314 678 481 725 nullum
507 675 553 722 in
583 675 707 722 beata
734 675 824 721 vita
855 674 1014 720 habere
1048 685 1335 720 momentum.
1377 674 1490 719 Nam
1527 673 1600 721 cui

313 751 424 814 quid
455 749 660 797 accedere
683 746 838 810 potest,
871 747 916 793 id
945 746 1249 810 imperfectum
1281 746 1372 793 est:
1399 747 1468 794 cui
1495 746 1602 810 quid

313 824 543 872 abscedere
577 822 748 885 potest,
776 821 821 866 id
856 821 1182 883 imperpetuum
1223 819 1296 866 est.
1345 819 1467 866 cuius
1501 835 1604 882 per-

314 910 448 962 petua
477 896 626 943 futura
654 894 818 941 laetitia
843 892 931 951 est,
959 893 994 940 is
1013 892 1093 939 suo
1123 893 1316 956 gaudeat.
1344 891 1510 938 Omnia
1527 907 1604 937 au-

315 986 407 1019 tem
436 969 595 1034 q'uibus
616 967 771 1031 vulgus
788 965 924 1013 inhiat
939 1001 952 1022 ,
976 966 1094 1012 ultro
1113 965 1314 1028 citroque
1334 963 1491 1010 fluunt.
1527 964 1570 1008 N
1575 963 1603 1008 i-

316 1045 378 1091 hil
405 1044 478 1091 dat
507 1043 687 1089 fortuna
714 1040 936 1102 mancipio
961 1057 972 1086 z
1003 1039 1076 1085 sed
1102 1039 1209 1086 haec
1238 1053 1419 1102 quoque
1445 1036 1605 1083 fortui-

315 1130 361 1165 ta
389 1133 495 1165 tunc
520 1115 758 1172 delelstant,
781 1130 881 1160 cum
909 1112 979 1158 illa
1005 1113 1116 1158 ratio
1137 1113 1399 1174 temperavit
1427 1128 1477 1158 ac
1497 1110 1602 1157 mis-

316 1191 421 1239 cuit.
449 1191 571 1236 Haec
592 1186 652 1235 est
671 1188 802 1233 etiam
830 1204 945 1250 quae
958 1201 1135 1233 externa
1156 1186 1467 1243 commendet,
1487 1201 1606 1249 quo-

315 1282 425 1313 mm.
450 1262 606 1311 avidus
646 1261 744 1307 usus
774 1262 966 1324 ingratus
1001 1260 1075 1307 est.
1111 1260 1285 1306 Solebat
1319 1260 1487 1306 Attalus
1518 1260 1599 1306 hac

307 1336 508 1401 ‘imagine
528 1334 591 1382 uti
623 1353 635 1381 ε
671 1333 831 1380 Vidisti
860 1333 1095 1397 aliquando
1127 1349 1280 1380 canem
1311 1332 1434 1378 missa
1458 1349 1482 1378 a
1515 1332 1602 1378 do-

318 1413 445 1460 mino
474 1409 607 1457 frusta
631 1409 756 1473 panis
774 1422 846 1456 aut
868 1409 1024 1466 carnis,
1045 1421 1198 1470 aperto
1224 1424 1303 1455 ore
1325 1406 1602 1470 captantem?

316 1484 538 1549 quidquid
575 1484 781 1546 excepit,
819 1482 1019 1546 protinus
1060 1483 1276 1546 integrum
1310 1482 1529 1539 devorat,
1562 1492 1606 1528 et

319 1562 491 1623 semper
507 1559 562 1606 ad
578 1559 697 1621 spem
718 1557 854 1604 futuri
874 1557 977 1603 hiat.
1003 1557 1123 1603 Idem
1143 1555 1293 1604 evenit
1313 1556 1455 1603 nobis.
1478 1556 1605 1620 quid-

321 1625 430 1699 quid
465 1633 814 1696 exspefiantibus
850 1631 1029 1678 fortuna
1061 1630 1247 1694 proiecit
1269 1663 1283 1686 ,
1321 1630 1367 1677 id
1401 1630 1488 1676 fine
1522 1630 1607 1676 ulla

322 1709 555 1768 voluptate
605 1704 879 1753 demittimus
902 1736 915 1759 ,
950 1704 1087 1750 statim
1123 1705 1177 1750 ad
1214 1703 1411 1766 rapinam
1437 1702 1610 1749 alterius

323 1782 459 1829 ereffi
485 1795 529 1828 et
553 1780 720 1827 attenti.
759 1780 861 1826 Hoc
892 1778 1071 1839 sapienti
1108 1794 1199 1824 non
1231 1776 1380 1823 evenit
1410 1794 1420 1821 :
1454 1775 1607 1838 plenus

324 1857 397 1905 est.
429 1855 559 1904 etiam
583 1854 614 1900 fi
640 1853 748 1918 quid
778 1854 988 1910 obvenit,
1009 1853 1155 1901 secure
1179 1851 1341 1914 excipit
1357 1884 1371 1907 ‚
1402 1868 1452 1898 ac
1475 1865 1608 1912 repo-

325 1930 402 1976 nit.
439 1929 600 1977 laetitia
629 1927 789 1973 fruitur
826 1927 1015 1973 maxima
1036 1962 1048 1985 ,
1078 1925 1287 1973 continua
1305 1961 1318 1982 ,
1348 1925 1432 1971 sua.
1468 1923 1611 1969 Habet

325 2003 481 2068 aliquis
513 2002 679 2048 bonam
709 2000 983 2048 voluntatem
1011 2036 1024 2057 ,
1059 1990 1190 2047 habet
1226 1999 1476 2063 profectum
1494 2035 1508 2058 ,
1537 1998 1611 2045 sed

329 2078 400 2126 cui
430 2077 618 2125 multum
649 2076 755 2124 defit
788 2092 811 2121 a
847 2076 1054 2122 summo?
1086 2076 1157 2123 hic
1189 2075 1452 2139 deprimitur
1484 2073 1612 2120 alter-

330 2153 428 2209 nis,
455 2165 499 2199 et
535 2150 781 2208 extollitur,
817 2167 866 2197 ac
906 2150 1045 2196 modo
1080 2149 1127 2195 in
1156 2150 1330 2195 coelum
1365 2148 1611 2200 allevatur,

330 2225 470 2272 modo
491 2225 685 2271 defertur
710 2224 764 2270 ad
788 2236 963 2271 terram.
992 2222 1207 2286 Imperitis
1222 2240 1272 2269 ac
1292 2223 1499 2280 rudibus,
1521 2219 1611 2266 nul-

331 2298 396 2345 lus
430 2295 806 2361 praecipitationis
845 2295 945 2343 finis
977 2295 1038 2343 est
1076 2312 1087 2340 :
1123 2297 1167 2343 in
1200 2296 1467 2359 Epicureum
1505 2291 1612 2339 illud

333 2372 469 2432 chaos
497 2371 705 2417 decidunt
727 2370 877 2429 inane,
907 2369 993 2416 fine
1021 2370 1228 2416 termino.
1266 2369 1425 2416 Adhuc
1449 2367 1509 2415 est
1533 2381 1613 2430 ge-

334 2444 619 2491 nustertium
648 2460 804 2491 eorum
841 2442 916 2507 qui
946 2442 1179 2507 sapientiae
1214 2442 1409 2488 alludunt
1436 2458 1446 2486 ε
1477 2455 1611 2501 quam

335 2534 427 2563 non
452 2517 630 2581 quidem
661 2518 917 2582 attigerunt,
949 2516 995 2564 in
1032 2515 1265 2579 conspeEiu
1291 2526 1464 2570 tamen,
1487 2523 1531 2559 et
1565 2525 1613 2557 ut
