1807 3004
330 203 415 247 ιη
582 189 629 234 L.
677 186 979 233 ΑΝΝΑΕῑ
1025 185 1377 231 SENECAE

583 326 1063 387 EPISTOLA·
1143 324 1345 370 XL111.

327 461 428 504 Non
446 463 561 504 lasere
577 491 588 513 ‚
610 477 711 518 quae
721 459 864 517 faciat
879 477 895 505 .·
917 455 1469 518 rumorem'onmiczperfirre.
1489 457 1606 517 Ergo

386 546 501 596 vive,
530 544 691 603 inquit,
722 560 769 588 ut
797 546 843 590 in
866 546 1047 605 publico.
1081 544 1202 603 Quid
1208 541 1258 605 fi
1280 542 1403 586 etiam
1435 541 1605 585 lateas?

386 625 557 669 animus
584 639 681 669 tuus
702 626 789 684 siit
815 622 857 669 ὃ
888 625 1009 670 videt.
1266 626 1269 629 ’

329 737 747 876 QUOMODO
779 802 867 849 hoc
896 803 951 849 ad
985 819 1058 851 me
1094 799 1376 865 pervenerit,
1406 796 1575 863 quaeris
1594 815 1608 843 ε

321 878 422 940 quis
455 876 563 923 mihi
590 877 636 922 id
667 891 710 929 te
742 876 936 940 cogitare
966 875 1206 923 narraverit
1224 910 1239 931 ,
1271 874 1392 937 quod
1422 885 1472 920 tu
1501 871 1611 918 nulli

322 965 594 998 narraveras.
618 950 657 995 Is
677 948 755 1010 qui
771 948 849 996 scit
868 949 1104 1011 plurimum
1119 983 1133 1006 ,
1150 963 1317 994 rumor.
1337 945 1462 1006 Quid
1476 961 1584 1008 ergo
1596 980 1612 1003 ,

324 1021 492 1086 inquis,
510 1033 652 1069 tantus
671 1022 762 1069 sum
774 1059 786 1079 ‚
804 1035 852 1069 ut
867 1023 1023 1084 poffim
1041 1023 1231 1070 excitare
1250 1020 1503 1067 rumorem?
1519 1036 1612 1080 non

326 1093 386 1139 est
416 1095 540 1158 quod
571 1106 613 1141 te
645 1095 700 1140 ad
729 1095 847 1142 hunc
869 1095 1019 1141 locum
1039 1095 1275 1157 respiciens
1306 1092 1524 1140 metiaris:
1556 1091 1613 1138 ad

326 1167 455 1214 istum
473 1167 666 1230 respice,
685 1169 729 1214 in
750 1186 841 1232 quo
863 1169 1062 1216 moraris.
1086 1168 1318 1232 Quidquid
1337 1168 1449 1213 inter
1465 1166 1613 1214 vicina

328 1239 514 1294 eminet,
544 1256 751 1302 magnum
771 1240 834 1286 est
857 1240 971 1297 illic,
999 1240 1077 1285 ubi
1095 1239 1270 1286 eminet.
1304 1240 1417 1284 Nam
1441 1237 1614 1301 magni-

326 1314 441 1361 tudo
468 1328 561 1358 non
585 1312 719 1358 habet
745 1324 911 1359 certum
935 1313 1120 1359 modum
1142 1331 1153 1359 :
1185 1312 1461 1375 comparatio
1491 1311 1617 1358 illum

329 1399 402 1434 aut
422 1386 562 1443 tollit,
582 1398 655 1433 aut
672 1386 892 1449 deprimit.
912 1387 1050 1432 Navis
1069 1402 1180 1450 quae
1196 1385 1240 1431 in
1262 1384 1442 1433 flumine
1460 1400 1616 1447 magna

328 1459 416 1516 est,
441 1461 487 1506 in
515 1459 624 1506 mari
657 1460 839 1522 parvula
865 1460 926 1507 est
951 1478 961 1506 :
988 1459 1332 1524 gubernacqum
1355 1459 1479 1522 quod
1513 1456 1617 1504 navi

327 1533 455 1580 alteri
481 1530 688 1597 magnum
701 1568 716 1589 ,
744 1533 864 1579 alteri
888 1533 1098 1597 exiguum
1118 1532 1192 1580 est.
1212 1533 1286 1578 Tu
1304 1548 1420 1578 nunc
1438 1530 1486 1577 in
1504 1547 1617 1593 pro·-

328 1606 475 1655 vincia
486 1642 498 1665 ‚
516 1607 617 1654 licet
634 1617 891 1653 contemnas
904 1607 992 1670 ipse
1008 1620 1050 1653 te
1062 1642 1075 1664 ,
1091 1622 1273 1669 magnus
1292 1622 1337 1652 es
1353 1622 1362 1651 ε
1378 1605 1484 1668 quid
1499 1608 1618 1666 agas}

327 1679 705 1744 quemadmodum
743 1696 934 1735 coenes,
968 1679 1348 1744 quemadmodum
1384 1677 1576 1724 dormias
1602 1711 1617 1732 ‚

329 1754 584 1817 quaeritur,
610 1753 757 1800 scitur.
783 1756 850 1799 Eo
883 1754 964 1801 tibi
996 1752 1243 1816 diligentius
1272 1750 1620 1798 vivendum‘est.

330 1831 461 1875 Tunc
490 1841 634 1874 autem
665 1826 836 1874 felicem
867 1839 910 1874 te
939 1822 1221 1882 effedudica,
1247 1841 1348 1872 cum
1378 1823 1544 1886 poteris
1566 1823 1619 1868 'in

330 1899 514 1963 publico
535 1897 693 1946 vivere
709 1929 724 1952 ‚
750 1913 852 1944 cum
872 1908 914 1943 te
942 1897 1128 1959 parietes
1148 1896 1215 1943 tui
1239 1906 1408 1958 tegent,
1434 1910 1526 1940 non
1543 1894 1620 1940 ab-

331 1974 547 2021 scondent
565 1989 576 2019 :
595 1989 708 2036 quos
726 1972 981 2035 plerumque
997 1970 1294 2018 circumdatos
1311 1966 1440 2015 nobis
1454 1966 1622 2015 iudica-

331 2064 429 2094 mus
445 2079 458 2103 ‚
481 2062 572 2092 non
590 2061 638 2091 ut
657 2045 790 2091 tutius
812 2045 1024 2093 vivamus
1037 2081 1053 2102 ,
1072 2044 1143 2091 sed
1159 2056 1209 2090 ut
1221 2058 1455 2106 peccemus
1469 2041 1622 2088 occul*

331 2122 431 2170 tius.
453 2123 564 2168 Rem
587 2120 746 2177 dicam,
765 2136 823 2166 ex
839 2136 926 2183 qua
947 2135 1096 2166 mores
1113 2117 1313 2165 aestimes
1332 2115 1524 2170 nostro&
1541 2114 1620 2164 vix

332 2209 587 2257 quenquam
613 2190 839 2249 invenies,
866 2190 944 2254 qui
965 2189 1105 2253 poffiti
1129 2201 1282 2252 aperto
1312 2188 1430 2234 ostio
1454 2188 1622 2236 vivere.

332 2268 546 2322 Ianitores
568 2264 835 2312 conscientia
856 2264 1026 2323 nostra,
1057 2280 1149 2310 non
1174 2263 1375 2327 superbia
1401 2260 1622 2325 opposuit.

335 2341 405 2386 Sic
426 2339 649 2395 vivimus,
674 2353 724 2386 ut
747 2339 1013 2402 deprehendi
1035 2338 1106 2397 fit,
1130 2339 1270 2386 subito
1289 2337 1464 2401 adspici.
1497 2336 1622 2398 Quid

337 2429 481 2461 autem
507 2415 648 2477 potest
674 2415 918 2462 recondere
944 2414 1006 2471 se,
1035 2426 1078 2460 et
1103 2413 1262 2460 oculos
1287 2411 1519 2458 hominum
1543 2427 1620 2455 au-

336 2487 490 2551 resque
524 2487 697 2536 vitare?
735 2489 861 2534 Bona
896 2485 1162 2535 conscientia
1193 2485 1368 2532 turbam
1400 2483 1621 2541 advocat,
1658 2538 1667 2539 ἶ
