1797 2956
300 201 392 264 362
560 202 609 248 L.
657 202 956 248 ANNAEt
1002 202 1356 251 SENECAE

298 306 550 369 Diogenem
579 307 781 363 mireris,
817 323 859 356 et
886 309 1165 356 Daedalum?
1198 313 1308 357 Uter
1338 327 1390 356 ex
1422 308 1487 356 his
1515 308 1579 355 sa-

299 382 422 442 piens
457 381 537 427 tibi
566 381 770 427 videtur?
810 383 884 444 qui
914 382 1070 428 serram
1101 399 1378 430 commentus
1407 383 1494 430 est?
1527 401 1580 428 an

297 454 395 508 ille,
418 455 491 517 qui
520 472 619 500 cum
655 456 829 502 vidiss'et
860 473 1045 518 puerum
1074 472 1183 503 cava
1199 474 1329 502 manu
1358 456 1580 504 bibentem

296 544 481 590 aquam,
515 529 645 593 fregit
670 532 868 593 protinus
897 544 1120 577 exemtum
1148 548 1170 577 e
1199 532 1345 594 perula
1374 533 1582 592 calicem,

297 599 377 646 hac
395 602 702 665 obiurgatione
724 604 784 650 sui
808 623 818 650 :
851 605 1076 664 Quamdiu
1104 605 1244 650 homo
1269 605 1414 652 stultus
1434 605 1582 667 super-

299 689 460 719 vacuas
480 673 709 720 sarcinulas
735 676 894 721 habui?
927 676 1001 739 qui
1030 676 1069 721 se
1095 677 1350 739 complicuit
1372 677 1416 722 in
1437 679 1582 733 dolio,

296 759 339 793 et
367 748 412 794 in
438 765 497 794 eo·
523 750 764 795 cubitavit?
793 750 942 796 Hodie
969 762 1112 796 utrum
1140 752 1315 796 tandem
1347 751 1578 812 sapientio-

295 837 388 866 rem
410 833 557 883 putas‚
577 823 654 885 qui
672 823 844 870 invenit
863 824 1235 885 quemadmodum
1257 824 1302 869 in
1326 823 1579 869 immensam

295 893 573 940 altitudinem
596 912 779 942 crocum
798 897 1027 942 latentibus
1055 895 1206 942 fistulis
1236 897 1481 959 exprimam,⁴
1503 895 1581 957 qui

295 966 485 1028 Euripos
515 967 660 1014 subito
688 986 898 1032 aquarum
926 969 1090 1030 impetu
1119 968 1295 1030 implet,
1328 982 1399 1013 aut
1426 968 1580 1021 siccat;

295 1039 507 1085 versatilia
534 1041 847 1087 coenationum
873 1042 1086 1104 laquearia
1118 1043 1175 1087 ita
1206 1054 1505 1104 coagmentat,
1535 1054 1583 1086 ut

296 1110 476 1158 subinde
491 1113 568 1158 alia
592 1113 725 1160 facies
743 1131 873 1177 atque
894 1116 972 1161 alia
998 1114 1222 1171 succedat,
1242 1128 1283 1160 et
1300 1115 1430 1160 toties
1451 1116 1586 1169 tesia,

295 1183 469 1246 quoties
487 1183 649 1231 fercula
671 1188 920 1234 mutentur?
943 1205 995 1232 an
1020 1205 1144 1243 eum,
1172 1188 1249 1250 qui
1269 1201 1310 1232 et
1332 1187 1424 1232 aliis
1443 1200 1485 1232 et
1507 1184 1584 1231 fibi

295 1256 383 1302 hoc
406 1257 632 1315 monstrat,
650 1276 779 1321 quam
802 1259 910 1304 nihil
931 1259 1058 1305 nobis
1079 1272 1232 1304 namra
1253 1261 1410 1304 durum
1425 1276 1474 1304 ac
1494 1259 1582 1304 dif-

294 1326 410 1374 ficile
436 1329 744 1391 imperaverit?
771 1331 895 1378 Poffe
928 1347 1009 1377 nos
1040 1331 1234 1376 habitare
1269 1330 1355 1376 fine
1389 1345 1582 1376 marmo-

293 1401 408 1447 rario
445 1402 603 1461 fabro,
635 1404 758 1467 poffe
798 1421 880 1449 nos
909 1404 1088 1450 vestitos
1124 1403 1209 1450 effe
1247 1403 1333 1447 fine
1360 1418 1581 1448 commer-

294 1473 370 1518 cio
389 1475 570 1531 Serum,
600 1476 724 1538 posse
751 1492 832 1522 nos
860 1476 1019 1522 habere
1048 1475 1190 1521 usibus
1210 1474 1367 1520 nostris
1395 1475 1586 1520 necessa·

294 1546 388 1603 ria,
413 1546 442 1591 sl
473 1549 667 1594 contenti
704 1549 917 1595 fuerimus
948 1549 1038 1605 his,
1072 1564 1181 1610 quae
1214 1561 1326 1593 terta
1364 1546 1508 1608 posuit
1538 1547 1582 1592 in

293 1619 503 1667 summo?
535 1624 680 1682 Quem
704 1624 731 1668 fi
754 1624 905 1669 audire
934 1624 1172 1668 humanum
1199 1637 1333 1684 genus
1363 1621 1582 1675 voluerit,

291 1705 380 1738 tam
408 1692 725 1753 supervacuum
751 1695 856 1742 sciet
883 1696 960 1741 fibi
991 1711 1185 1757 coquum
1214 1693 1299 1739 effe
1316 1710 1475 1754 ‚quam
1496 1693 1582 1738 mi·-

293 1765 427 1811 litem.
450 1767 513 1812 Illi
534 1768 743 1830 sapientes
763 1769 938 1815 suerunt
956 1804 970 1825 ‚
1004 1781 1075 1813 aut
1105 1778 1221 1812 certe
1247 1765 1506 1824 sapientibus
1528 1764 1579 1809 si·

291 1841 440 1896 miles,
472 1843 633 1905 quibus
660 1844 860 1904 expedita
882 1858 973 1888 etat
991 1842 1121 1887 tutela
1146 1840 1360 1900 corporis.
1388 1838 1582 1898 Simplici

295 1929 397 1959 cura
431 1915 629 1961 constant
660 1914 891 1961 neceffaria
914 1932 926 1960 :
953 1915 998 1960 in
1022 1912 1198 1959 delicias
1217 1911 1445 1957 laboratur.
1476 1912 1583 1956 Non

292 1987 551 2034 desiderabis
579 1987 791 2044 artifices,
822 1989 852 2034 fi
883 1989 1063 2051 sequere
1098 1999 1310 2032 naturam.
1341 1985 1410 2030 illa
1444 1986 1582 2032 noluit

289 2058 373 2106 effe
403 2060 647 2107 districtos:
677 2062 730 2107 ad
760 2076 1051 2123 quaecunque
1073 2075 1155 2104 nos
1178 2057 1394 2120 cogebat,
1422 2057 1576 2103 instru-

291 2132 368 2179 xit.
390 2132 540 2196 Frigus
566 2133 836 2180 intolerabile
853 2134 913 2179 est
941 2131 1122 2195 corpori
1142 2131 1276 2177 nudo.
1295 2129 1418 2189 Quid
1439 2130 1580 2192 ergo?

292 2205 507 2268 numquid
527 2222 618 2252 non
637 2206 769 2267 pelles
794 2205 984 2252 ferarum
1003 2240 1014 2260 ‚
1043 2217 1085 2252 et
1110 2203 1294 2251 aliorum
1313 2203 1580 2259 animalium,

293 2294 318 2324 a
335 2277 501 2341 frigore
520 2278 617 2325 satis
631 2279 890 2341 abundeque
910 2277 1145 2325 defendere
1165 2280 1349 2339 queunt?
1371 2293 1460 2322 non
1482 2293 1584 2322 cor—

294 2352 454 2399 ticibus
489 2352 697 2399 arborum
730 2352 961 2415 pleraeque
993 2364 1136 2415 gentes
1174 2363 1324 2413 tegunt
1356 2350 1586 2412 corpora?

294 2441 389 2471 non
417 2425 567 2472 avium
598 2427 772 2488 plumae
798 2425 841 2470 in
867 2425 988 2471 usum
1009 2424 1138 2471 vestis
1157 2424 1585 2471 conseruntur?-non

288 2498 514 2561 hodieque
554 2515 713 2563 magna
744 2498 1013 2561 Scytharum
1046 2513 1178 2560 pars,
1212 2497 1343 2560 tergis
1376 2495 1579 2558 vulpium
