1797 2956
319 165 410 227 318
576 166 623 212 L.
673 163 965 210 ANNAEl
1016 163 1372 213 SENECAE

314 276 405 322 vita
425 274 581 320 nullius
616 272 675 319 est
707 273 931 336 indigens,
964 273 1110 319 omnis
1146 275 1267 320 beata
1295 274 1385 321 vita
1407 274 1596 337 perfeffla
1664 329 1668 334 ¹

313 346 378 393 est
395 382 409 404 ‚
436 347 676 408 eademque
701 345 761 391 est
782 359 823 391 et
845 347 964 391 beata
980 381 994 403 ,
1021 357 1062 391 et
1084 346 1334 392 beatiffima.
1369 348 1595 410 Numquid

313 419 484 466 dubitas
498 454 513 475 ‚-
532 420 638 481 quin
658 419 781 464 beata
803 418 891 465 vita
911 419 1127 465 summum
1148 422 1316 466 bonum
1335 418 1415 466 fit?
1442 436 1546 483 ergo
1568 420 1597 466 fi

312 491 533 538 summum
562 491 729 537 bonum
751 491 903 547 habet,
938 491 1103 537 summe
1117 492 1237 538 beata
1266 492 1341 539 est.
1372 494 1596 553 Quemad-

312 566 498 611 modum
534 564 753 611 summum
773 601 785 621 ,
819 565 1108 610 adieffionem
1141 579 1231 610 non
1255 565 1433 628 recipit;
1462 564 1598 629 (quid

311 637 428 684 enim
447 637 574 700 supra
593 638 807 683 summum
828 638 907 683 erit
922 635 969 700 ?)
992 639 1049 683 ita
1070 653 1123 682 ne
1143 638 1261 683 beata
1283 639 1458 699 quidem
1481 640 1598 696 vita,

314 726 427 773 quae
447 709 534 756 fine
555 710 726 757 summo
748 711 870 755 bono
892 727 982 756 non
1001 709 1075 756 est,
1097 711 1235 770 Quod
1254 709 1282 754 {i
1302 711 1486 773 aliquem
1506 729 1598 756 ma-

280 814 285 816 -
315 782 381 846 gis
406 783 578 828 beatum
603 783 849 837 induxeris,
879 796 923 829 et
958 783 1098 829 multo
1133 782 1270 845 magis
1298 783 1598 829 innumerabi-

314 858 371 904 lia
395 857 643 903 discrimina
670 857 827 902 susrnmi
844 857 951 903 boni
977 856 1138 903 facies:
1163 873 1262 903 cum
1284 857 1499 903 summum
1519 859 1600 904 bo-

313 946 419 975 num
453 929 688 990 intelligam
710 961 723 984 ‚
759 931 881 991 quod
909 929 1034 992 supra
1061 929 1102 975 se
1128 929 1309 991 gradum
1342 945 1432 975 non
1458 928 1600 976 habet.

313 1005 356 1054 Si
386 1003 448 1048 est
469 1003 620 1066 aliquis
647 1002 790 1049 minus
810 1003 959 1048 beatus
992 1017 1125 1065 quam
1155 1001 1284 1058 alius,
1310 1000 1527 1063 sequitur,
1553 1013 1600 1046 ut

312 1078 386 1124 hic
406 1077 580 1124 alterius
607 1077 739 1125 vitam
763 1075 969 1122 beatioris
990 1075 1126 1138 magis
1141 1075 1445 1137 concupiscat,
1466 1093 1600 1138 quam

314 1156 448 1199 suam.
484 1154 634 1200 beatus
662 1166 804 1198 autem
835 1151 943 1197 nihil
974 1152 1069 1197 suae
1099 1149 1302 1212 praefert.
1329 1150 1601 1198 Utrumlibet

313 1219 369 1272 cx
407 1224 473 1271 his
505 1223 764 1272 incredibile
799 1223 859 1269 est
884 1241 894 1269 :
924 1236 997 1268 aut
1035 1223 1201 1285 aliquid
1238 1222 1368 1268 beato
1404 1222 1561 1270 restare
1583 1255 1598 1278 ,

316 1297 443 1361 quod
474 1296 561 1344 effe
586 1314 716 1359 quam
749 1295 873 1359 quod
905 1294 965 1342 est
997 1295 1116 1341 malit
1145 1315 1155 1342 ε
1181 1307 1253 1341 aut
1281 1296 1326 1342 id
1358 1296 1476 1343 illum
1508 1314 1602 1344 non

315 1370 446 1416 malle
461 1405 473 1427 ‚
491 1370 614 1433 quod
632 1370 709 1415 illo
723 1369 876 1416 melius
893 1368 966 1415 est.
981 1370 1149 1432 Utique
1167 1370 1283 1415 enim
1301 1386 1392 1433 quo
1411 1371 1602 1433 pruden-

316 1446 405 1491 tior
422 1445 483 1492 est
495 1481 508 1502 ,
532 1445 619 1491 hoc
634 1446 769 1507 magis
787 1445 828 1491 se
845 1445 898 1490 ad
918 1443 962 1490 id
976 1445 1099 1508 quod
1113 1443 1174 1490 est
1192 1445 1409 1507 optimum
1422 1481 1435 1503 ‚
1455 1458 1604 1492 exten-

319 1521 416 1576 det,
431 1534 475 1566 et
493 1519 536 1565 id
557 1519 680 1565 omni
700 1519 838 1565 modo
859 1517 1069 1582 consequi
1083 1519 1241 1582 cupiet.
1259 1520 1509 1579 Quomodo
1528 1536 1606 1565 au-

318 1603 408 1638 tem
440 1592 591 1637 beatus
610 1592 670 1636 est
685 1626 699 1648 ,
728 1591 804 1654 qui
830 1606 992 1652 cupere
1013 1591 1251 1637 etiamnum
1275 1591 1442 1653 potest,
1464 1591 1607 1637 immo

318 1665 400 1726 qui
421 1664 582 1710 debet?
602 1664 768 1710 Dicam
789 1664 895 1726 quid
913 1663 961 1709 fit
976 1695 990 1717 ‚
1013 1681 1069 1710 ex
1087 1680 1179 1726 quo
1205 1664 1353 1711 veniat
1372 1665 1444 1710 hic
1468 1681 1605 1711 error.

320 1735 530 1782 Nesciunt
548 1737 715 1783 beatam
737 1737 871 1783 vitam
888 1752 1018 1782 unam
1038 1736 1135 1782 effe.
1148 1736 1191 1782 in
1211 1736 1513 1797 optimoillam
1528 1734 1605 1781 sta—

321 1821 369 1855 tu
388 1808 513 1870 ponit
526 1809 709 1872 qualitas
729 1809 799 1855 sua
811 1845 823 1865 ‚
845 1824 934 1853 non
951 1807 1222 1870 magnitudo.
1240 1811 1390 1870 ltaque
1407 1807 1450 1852 in
1463 1823 1606 1871 aequo

322 1881 382 1928 est
401 1881 531 1945 longa
549 1896 591 1928 et
611 1881 771 1938 brevis,
787 1880 940 1927 diffusa
957 1892 1001 1927 et
1017 1880 1262 1944 angustior3
1278 1881 1323 1926 in
1344 1881 1476 1926 multa
1492 1881 1605 1938 loca,

320 1955 564 2017 multasque
593 1969 735 2017 partes
758 1953 983 2000 distributa
998 1989 1011 2012 ‚
1041 1969 1084 2000 et
1107 1954 1152 1999 in
1174 1971 1311 2000 unum
1329 1955 1490 2002 coacta.
1514 1954 1606 2015 Qui

321 2029 439 2075 illam
463 2046 649 2076 nurnero
669 2029 866 2092 aestimat
881 2062 894 2085 ,
913 2042 956 2076 et
975 2031 1171 2076 mensura
1187 2064 1200 2086 ,
1219 2043 1262 2075 et
1282 2029 1495 2091 pai-tibus,
1519 2029 1606 2075 iam

324 2103 390 2149 illi
414 2104 536 2166 quod
566 2103 693 2150 habet
725 2104 934 2150 eximium
951 2138 964 2159 ‚
990 2103 1129 2164 eripit.
1167 2102 1290 2163 Quid
1313 2116 1455 2149 autem
1482 2102 1542 2149 est
1560 2103 1607 2150 in

322 2178 448 2224 beata
477 2177 567 2222 vita
596 2175 840 2223 eximium?
868 2176 992 2239 quod
1025 2177 1150 2239 plena
1177 2175 1250 2222 est.
1281 2175 1424 2231 Finis,
1453 2187 1501 2221 ut
1525 2191 1606 2236 pu-

320 2265 391 2307 ta,
429 2249 589 2298 edendi
622 2249 888 2311 bibendique
924 2249 1089 2296 satietas
1123 2250 1184 2297 est
1213 2268 1223 2297 ε
1253 2249 1326 2296 hic
1355 2250 1452 2312 plus
1482 2250 1572 2295 edit
1591 2283 1605 2305 ,

322 2325 392 2371 ille
424 2324 567 2370 minus
594 2340 604 2369 :
633 2323 740 2385 quid
763 2323 933 2369 refert?
964 2338 1145 2385 ute-tque
1175 2323 1262 2368 iam
1288 2321 1401 2367 satur
1431 2320 1504 2367 est.
1534 2319 1606 2368 hic

326 2398 422 2458 plus
449 2395 587 2453 bibit,
613 2395 684 2442 ille
710 2394 880 2442 minus:
909 2394 1015 2458 quid
1035 2394 1204 2441 refert?
1232 2408 1417 2457 uterque
1444 2410 1534 2438 non
1554 2391 1605 2437 fi-

320 2469 385 2516 tit.
406 2469 490 2517 Hic
506 2468 700 2532 pluribus
718 2467 840 2515 annis
862 2466 988 2524 vixit,
1007 2466 1079 2515 hic
1098 2465 1403 2530 paucioribus}
1423 2464 1526 2511 nihil
1547 2463 1606 2509 in-
