1797 2956
309 192 404 237 224
566 174 614 222 L.
658 173 943 220 ANNAEI
992 170 1345 218 SENECAE

309 280 430 327 diose
463 278 610 325 mori?
644 279 688 323 O
719 276 864 322 virum
897 274 1085 322 fortem!
1118 292 1147 321 0
1170 275 1377 339 dignum,
1407 274 1476 322 cui
1506 274 1583 340 fati

309 346 485 398 daretur
505 347 683 397 elefflio!
719 365 847 412 quam
873 347 1043 394 fortiter
1071 348 1155 394 illex
1171 349 1318 411 gladio
1337 346 1435 395 usus
1461 348 1583 394 effet!

311 441 439 488 quam
476 421 703 469 animose
692 439 737 467 in
768 420 1036 484 profundam
1053 421 1095 467 se
1126 421 1398 468 altitudinem
1428 421 1587 479 maris,

309 512 383 544 aut
411 489 611 543 abscissae
642 492 788 556 rupis,
823 491 1084 540 immisisset!
1118 494 1335 560 Undique
1364 493 1588 541 destitutus

310 564 509 626 invenit,
550 560 926 631 quemadmodum
960 578 1004 613 et
1035 579 1224 614 mortem
1267 566 1344 613 fibi
1379 567 1588 624 deberet,

310 656 352 690 et
394 642 528 689 telum
561 658 572 687 ε
611 654 661 687 ut
700 640 803 686 scias
839 639 893 685 ad
934 639 1211 685 moriendum
1252 639 1357 686 nihil
1390 640 1506 686 aliud
1543 637 1589 684 in

312 731 437 762 mora
463 709 573 770 effe,
597 728 727 775 quam
754 711 880 758 velle.
910 708 1189 757 Existimetur
1217 703 1271 758 de
1300 704 1415 758 facto
1443 713 1591 759 homi-

313 789 381 834 nis
405 784 632 841 acerrimi,
664 796 711 829 ut
737 783 893 845 cuique
923 781 1063 829 visum
1095 775 1206 840 erit,
1234 783 1360 836 dum.
1372 776 1458 831 hoc
1480 802 1592 832 con-

312 863 424 917 stet,
461 858 788 925 praeferendam
820 855 904 902 esse
935 847 1242 918 spurcissimam
1285 869 1471 904 mortem
1506 858 1593 905 ser-

314 934 446 984 vituti
471 931 784 979 mundissimae.
816 929 1044 990 Quoniam
1070 929 1200 992 coepi
1227 921 1414 977 sordidis
1438 948 1592 978 exem—

314 1009 397 1073 plis
414 1007 505 1064 uti,
540 1004 844 1069 perseverabo
868 1003 963 1066 plus
980 1003 1097 1049 enim
1120 1020 1144 1049 a
1168 1003 1208 1050 se
1229 1003 1408 1067 quisque
1427 1003 1596 1067 exiget,

314 1083 346 1129 fi
388 1080 550 1128 viderit
583 1079 695 1125 hanc
737 1094 831 1123 rem
865 1077 993 1122 etiam
1027 1093 1052 1122 a
1090 1076 1438 1124 contemtiffimis
1471 1075 1594 1139 posse

317 1151 555 1202 contemni.
572 1152 767 1198 Catones
780 1184 793 1206 ,
813 1147 1151 1211 Scipionesque,
1167 1160 1210 1196 et
1236 1148 1366 1207 alios,
1386 1165 1497 1212 quos
1517 1164 1596 1194 au-

320 1223 414 1275 dire
433 1243 533 1273 cum
562 1222 851 1271 admiratione
881 1221 1219 1279 consuevimus,
1242 1223 1366 1285 supra
1386 1213 1597 1268 imitatio—

319 1319 419 1350 nem
447 1298 612 1363 positos
640 1308 840 1360 putamus
869 1313 880 1342 ε
909 1295 994 1341 iam
1026 1312 1111 1358 ego
1141 1295 1263 1342 istam
1293 1297 1498 1344 virtutem
1521 1296 1599 1342 ha·-

319 1375 423 1421 bere
442 1385 529 1419 tam
551 1370 684 1416 multa
711 1367 909 1431 exempla
936 1368 979 1413 in
1008 1367 1113 1414 ludo
1142 1368 1370 1427 bestiario,
1393 1385 1526 1433 quam
1553 1369 1600 1414 in

320 1447 504 1495 ducibus
519 1443 620 1491 belli
649 1441 792 1488 civilis
810 1439 1053 1487 ostendam.
1073 1441 1190 1487 Cum
1213 1441 1501 1489 adveheretur
1517 1458 1602 1487 nti-³

324 1540 402 1586 per
428 1520 542 1566 inter
569 1515 782 1565 custodias
802 1515 980 1583 quidam
1006 1513 1061 1561 ad
1091 1514 1350 1562 matutinum
1379 1515 1600 1578 spefiacu-

323 1593 414 1643 lum
443 1592 616 1651 missus,
639 1601 843 1652 tanquam
870 1580 1027 1634 somno
1055 1598 1281 1655 premente
1307 1599 1509 1646 nutaret,
1528 1603 1602 1634 ca·

327 1681 407 1732 put
439 1666 574 1729 usque
609 1680 665 1711 eo
701 1661 904 1719 demisit,
946 1660 1090 1706 donec
1119 1660 1251 1706 radiis
1283 1659 1520 1716 insereret,
1558 1672 1602 1707 et

324 1738 492 1789 tamdiu
510 1737 549 1784 se
577 1737 621 1782 in
650 1734 771 1783 sedili
801 1734 879 1780 suo
906 1733 1075 1788 tenuit,
1100 1730 1243 1778 donec
1263 1732 1482 1779 cervicem
1513 1731 1601 1778 cir-

327 1813 528 1861 cumactu
568 1818 690 1856 rotae
727 1807 957 1871 frangeret.
997 1806 1155 1852 eodem
1189 1807 1397 1854 vehiculo
1425 1822 1517 1869 quo
1549 1803 1605 1854 ad
1663 1821 1666 1823 ’

330 1900 520 1950 poenam
555 1881 805 1935 ferebatur,
835 1896 1025 1942 poenam
1058 1878 1223 1942 effugit.
1269 1870 1391 1925 Nihil
1429 1880 1568 1926 obstat
1591 1912 1606 1938 ,

331 1953 560 2018 erumptffre
592 1965 635 2000 et
669 1951 788 1998 exire
823 1950 1032 2014 cupienti.
1070 1952 1118 1996 ln
1153 1962 1306 2012 aperto
1340 1966 1423 1997 nos
1457 1964 1608 1997 natura

331 2027 534 2079 custodit.
566 2024 652 2071 Cui
681 2023 890 2086 permittit
921 2022 1255 2089 neceffitassua,
1292 2022 1609 2086 circumspiciat

332 2102 499 2150 exitum
521 2098 718 2146 mollem.
739 2096 809 2145 cui
832 2090 886 2143 ad
916 2113 1092 2142 manum
1119 2096 1240 2159 plura
1258 2096 1381 2152 sunt,
1401 2113 1479 2159 per
1495 2114 1609 2159 quae

334 2175 419 2223 sese
444 2173 595 2220 afferat
611 2207 625 2229 ,
654 2171 689 2218 is
717 2171 928 2218 delectum
950 2178 1072 2233 agat,
1102 2184 1145 2216 et
1174 2186 1259 2233 qua
1275 2169 1609 2232 potissimumli·

337 2245 512 2297 beretur
535 2244 782 2293 confideret
805 2261 817 2290 ε
840 2244 910 2289 cui
928 2242 1112 2289 difficilis
1133 2243 1305 2290 occasio
1326 2242 1410 2300 est,
1441 2242 1477 2289 is
1505 2259 1611 2305 pro-

336 2323 500 2369 ximam
520 2335 737 2384 quamque
758 2334 840 2380 pro
863 2318 1030 2381 optima
1057 2317 1258 2379 arripiat,
1289 2317 1337 2363 sit
1357 2317 1458 2363 licet
1481 2316 1609 2363 inau-

340 2396 454 2451 dita,
472 2394 520 2440 fit
541 2409 672 2440 nova.
691 2392 797 2437 Non
820 2391 960 2438 deerit
984 2390 1038 2437 ad
1059 2404 1249 2437 mortem
1270 2388 1492 2454 ingenium
1506 2421 1520 2444 ‚
1541 2388 1612 2437 cui

341 2485 430 2516 non
461 2465 646 2515 defuerit
664 2464 846 2513 animus-⁷
871 2463 1005 2514 Vides
1025 2463 1399 2527 quemadmodum
1419 2476 1612 2512 extrema
