1807 3004
305 202 367 247 92
535 189 584 234 L.
636 189 944 234 ANNAEI
993 189 1355 235 SENECAE

302 291 471 354 rigitur.
501 293 572 339 Est
596 295 773 356 quidem
796 294 1036 357 periculum
1053 329 1067 352 ‚
1087 313 1140 342 ne
1167 297 1466 359 porrigentem
1490 305 1577 343 tra-⁴

301 360 388 407 hat.
410 379 563 424 magna
587 363 631 407 in
648 364 723 409 illo
743 364 903 427 ingenii
924 365 990 411 vis
1008 365 1094 418 est;
1113 366 1184 412 sed
1205 366 1289 411 iam
1307 364 1577 412 tendentisin

300 449 506 494 pravum.
534 434 832 482 Nihilominus
864 436 995 482 adibo
1025 437 1113 484 hoc
1135 438 1373 500 periculum
1392 470 1404 492 ‚
1437 453 1479 484 et
1499 455 1579 483 au-

299 508 416 553 debo
438 508 495 553 illi
525 508 636 554 mala
660 509 730 554 sua
750 509 989 556 ostendere.
1029 511 1171 557 Faciet
1193 512 1313 573 quod
1339 510 1471 565 solet,
1499 510 1580 555 ad-

299 578 479 624 vocabit
498 579 587 626 illas
605 579 785 627 facetias
799 615 811 639 ‚
843 598 952 644 quae
971 581 1102 628 risum
1122 599 1309 630 evocare
1334 582 1580 645 lugentibus

295 650 501 713 poss‘unt:
549 665 592 699 et
609 653 653 699 in
672 655 712 700 se
733 655 920 716 primum
938 690 952 711 ,
979 656 1137 702 deinde
1159 655 1203 701 in
1226 671 1307 702 nos
1331 655 1549 702 iocabitur
1569 670 1582 700 τ

299 723 450 768 omnia
485 741 596 788 quae
628 726 816 773 dicturus
853 728 977 784 sum,
1014 728 1260 790 occupabit.
1313 727 1580 774 Scrutabitur

296 794 466 842 scholas
506 797 700 857 nostras,
732 812 775 846 et
809 799 989 846 obiiciet
1021 800 1298 862 philosophis
1330 798 1582 862 congiaria,

298 867 486 925 amicas,
515 869 659 932 gulam
685 887 696 915 τ
725 869 920 917 ostendet
954 869 1061 915 mihi
1095 870 1224 916 alium
1257 870 1301 915 in
1334 869 1580 925 adulterio,

299 940 431 985 alium
455 941 498 986 in
527 943 715 1005 popina,
740 943 869 990 alium
891 943 936 988 in
963 942 1058 989 aula
1079 959 1089 988 :
1111 942 1308 989 ostendet
1334 942 1442 987 mihi
1469 940 1581 1002 lepi-

297 1012 401 1058 dum
429 1014 741 1078 philosophum
773 1015 1046 1073 Aristonem,
1074 1014 1211 1077 quiin
1238 1013 1473 1078 gestatione
1497 1011 1583 1058 dis-

296 1083 473 1131 serebat.
503 1087 591 1134 hoc
616 1088 732 1134 enim
762 1088 815 1134 ad
842 1088 1027 1134 edendas
1057 1102 1214 1148 operas
1250 1101 1423 1147 tempus
1455 1101 1587 1131 acce-

297 1174 433 1220 perat.
459 1160 533 1205 De
561 1161 681 1207 cuius
708 1161 817 1207 secta
835 1179 933 1208 cum
957 1173 1264 1223 quaereretur,
1289 1161 1472 1206 Scaurus
1496 1157 1582 1203 ait:

299 1232 468 1295 Utique
500 1233 811 1294 Peripateticus
837 1252 926 1280 non
951 1234 1024 1280 est.
1055 1235 1129 1280 De
1161 1235 1321 1279 eodem
1350 1248 1451 1278 cum
1472 1247 1583 1277 con-

225 1331 239 1340 ·
299 1303 513 1350 suleretur
540 1306 666 1350 Iulius
690 1307 958 1363 Graecinus,
988 1305 1061 1351 vir
1086 1304 1302 1367 egregius,
1331 1304 1437 1366 quid
1460 1302 1586 1349 senti·

299 1388 400 1422 ret:
431 1377 536 1422 Non
566 1376 767 1438 possum,
796 1379 966 1441 inquit,
995 1377 1073 1423 tibi
1103 1378 1259 1423 dicere.
1285 1376 1432 1422 nescio
1466 1375 1584 1422 enim

302 1447 408 1510 quid
439 1448 491 1494 de
523 1448 658 1511 gradu
685 1448 828 1495 faciat.
850 1462 1056 1511 tanquam
1086 1449 1138 1494 de
1164 1447 1374 1494 effedario
1399 1447 1585 1493 interro-

300 1533 489 1583 garetur.
530 1522 626 1568 Hos
657 1522 766 1567 mihi
805 1521 1113 1578 circulatores,
1148 1521 1223 1583 qui
1261 1520 1585 1583 philosophiam

300 1594 523 1642 honestius
544 1596 828 1658 neglexissent
842 1632 855 1653 ,
875 1612 1004 1658 quam
1031 1596 1230 1643 vendunt
1244 1631 1256 1652 ,
1278 1596 1321 1640 in
1342 1594 1496 1641 faciem
1518 1594 1586 1640 in-

301 1680 436 1730 geret.
463 1668 684 1715 Constitui
710 1681 854 1715 tamen
887 1669 1174 1716 contumelias
1197 1668 1377 1731 perpeti.
1407 1681 1587 1714 moveat

299 1740 369 1786 ille
400 1740 509 1785 mihi
538 1739 698 1786 risum:
719 1757 803 1803 ego
832 1739 1010 1786 fortaffe
1037 1740 1098 1786 illi
1123 1739 1320 1787 lacrimas
1352 1739 1583 1785 movebo:

299 1824 396 1868 aut,
415 1812 444 1858 {i
470 1812 612 1858 ridere
641 1812 949 1874 perseverabit,
968 1813 1190 1875 gaudebo,
1209 1826 1410 1876 tanquam
1430 1812 1474 1858 in
1496 1828 1587 1858 ma-

300 1887 384 1945 lis,
417 1886 541 1950 quod
584 1885 643 1931 illi
673 1902 808 1948 genus
837 1886 1024 1932 insaniae
1057 1886 1190 1933 hilare
1218 1886 1464 1949 contigerit.
1502 1884 1588 1932 Sed

302 1975 394 2004 non
415 1957 476 2004 est
494 1957 563 2004 illa
590 1956 778 2003 hilaritas
808 1957 952 2020 longa.
979 1956 1163 2004 observa
1180 1992 1193 2013 ,
1217 1957 1388 2004 videbis
1411 1955 1587 2002 eosdem

302 2032 415 2079 intra
444 2032 654 2096 exiguum
679 2043 850 2093 tempus
880 2032 1090 2078 acerrime
1118 2030 1285 2088 ridere,
1309 2041 1351 2076 et
1377 2028 1588 2077 acerrime

300 2105 469 2154 rabere.
506 2102 789 2166 Propositum
817 2103 877 2151 est
907 2104 1083 2168 aggredi
1114 2102 1265 2161 illum,
1294 2115 1338 2150 et
1360 2102 1588 2149 ostendere

301 2190 470 2240 quanto
495 2177 630 2241 pluris
658 2177 823 2236 fuerit,
845 2194 954 2226 cum,
971 2177 1118 2224 multis
1139 2176 1323 2223 minoris
1350 2176 1597 2225 videretur.

276 2283 280 2286 -
302 2251 425 2298 Vitia
440 2250 553 2309 eius,
574 2250 706 2298 etiarn
727 2249 757 2296 fi
780 2266 872 2297 non
888 2250 1119 2307 excidero,
1138 2248 1362 2296 inhibebo.
1379 2264 1469 2294 non
1485 2245 1589 2293 defi-

301 2337 428 2379 nent,
448 2326 520 2372 sed
540 2324 831 2372 intermittent
852 2342 862 2370 ε
888 2323 1064 2370 fortaffe
1084 2336 1227 2370 autem
1248 2335 1290 2370 et
1316 2321 1505 2369 desinent
1520 2352 1535 2375 ,
1555 2317 1588 2365 fi

303 2397 625 2445 intermittendi
656 2398 1017 2445 consuetudinem
1047 2396 1243 2445 fecerint.
1278 2397 1384 2442 Non
1410 2393 1470 2440 est
1499 2393 1588 2439 hoc

303 2469 444 2534 ipsum
464 2469 798 2520 fastidiendum.
822 2470 1032 2535 quoniam
1053 2467 1231 2533 quidem
1248 2465 1441 2532 graviter
1459 2463 1591 2519 affec-2

1793 1480 1794 1483 „
1774 1159 1790 1440 ..u-„⁴⁶.2.‚„⁸„.
1786 1100 1787 1103 „
1785 1018 1787 1068 aa„
1784 973 1788 990 ‚a
