<?xml version="1.0" encoding="UTF-8"?>
<!DOCTYPE html PUBLIC "-//W3C//DTD XHTML 1.0 Transitional//EN"
    "http://www.w3.org/TR/xhtml1/DTD/xhtml1-transitional.dtd">
<html xmlns="http://www.w3.org/1999/xhtml" xml:lang="en" lang="en">
 <head>
  <title>
</title>
<meta http-equiv="Content-Type" content="text/html;charset=utf-8" />
  <meta name='ocr-system' content='tesseract 3.04.00' />
  <meta name='ocr-capabilities' content='ocr_page ocr_carea ocr_par ocr_line ocrx_word'/>
</head>
<body>
  <div class='ocr_page' id='page_1' title='image "./lannaeisenecaeph03seneuoft_0218.png"; bbox 0 0 1797 2956; ppageno 0'>
   <div class='ocr_carea' id='block_1_1' title="bbox 293 186 1350 232">
    <p class='ocr_par' dir='ltr' id='par_1_1' title="bbox 293 186 1350 232">
     <span class='ocr_line' id='line_1_1' title="bbox 293 186 1350 232; baseline 0.001 -1"><span class='ocrx_word' id='word_1_1' title='bbox 293 202 382 232; x_wconf 75' lang='lat'><strong>210</strong></span> <span class='ocrx_word' id='word_1_2' title='bbox 521 188 565 231; x_wconf 85' lang='lat' dir='ltr'><strong>L.</strong></span> <span class='ocrx_word' id='word_1_3' title='bbox 623 186 930 231; x_wconf 77' lang='grc' dir='ltr'>ΑΝΝΑΕΙ</span> <span class='ocrx_word' id='word_1_4' title='bbox 981 187 1350 232; x_wconf 77' lang='lat' dir='ltr'>SENECAE</span> 
     </span>
    </p>
   </div>
   <div class='ocr_carea' id='block_1_2' title="bbox 285 284 1631 1234">
    <p class='ocr_par' dir='ltr' id='par_1_2' title="bbox 285 284 1631 1234">
     <span class='ocr_line' id='line_1_2' title="bbox 290 284 1631 356; baseline 0.001 -19"><span class='ocrx_word' id='word_1_5' title='bbox 290 292 333 337; x_wconf 88' lang='lat' dir='ltr'><strong>ni</strong></span> <span class='ocrx_word' id='word_1_6' title='bbox 361 293 472 339; x_wconf 86' lang='lat' dir='ltr'><strong>inter</strong></span> <span class='ocrx_word' id='word_1_7' title='bbox 505 290 644 354; x_wconf 81' lang='lat' dir='ltr'><strong>prima</strong></span> <span class='ocrx_word' id='word_1_8' title='bbox 677 306 938 337; x_wconf 75' lang='lat' dir='ltr'><strong>numerem:</strong></span> <span class='ocrx_word' id='word_1_9' title='bbox 970 302 1180 356; x_wconf 82' lang='lat' dir='ltr'><strong>tantoque</strong></span> <span class='ocrx_word' id='word_1_10' title='bbox 1214 291 1353 338; x_wconf 83' lang='lat' dir='ltr'><strong>maius</strong></span> <span class='ocrx_word' id='word_1_11' title='bbox 1389 306 1537 355; x_wconf 87' lang='lat' dir='ltr'><strong>putem</strong></span> <span class='ocrx_word' id='word_1_12' title='bbox 1557 328 1573 353; x_wconf 91' lang='lat'>,</span> <span class='ocrx_word' id='word_1_13' title='bbox 1629 284 1631 286; x_wconf 35' lang='lat'>¹</span> 
     </span>
     <span class='ocr_line' id='line_1_3' title="bbox 287 362 1573 429; baseline 0.001 -19"><span class='ocrx_word' id='word_1_14' title='bbox 287 380 418 426; x_wconf 78' lang='lat' dir='ltr'><strong>quam</strong></span> <span class='ocrx_word' id='word_1_15' title='bbox 457 364 529 410; x_wconf 85' lang='lat' dir='ltr'><strong>illa</strong></span> <span class='ocrx_word' id='word_1_16' title='bbox 554 364 702 410; x_wconf 81' lang='lat' dir='ltr'><strong>secura</strong></span> <span class='ocrx_word' id='word_1_17' title='bbox 730 375 772 410; x_wconf 90' lang='lat' dir='ltr'><strong>et</strong></span> <span class='ocrx_word' id='word_1_18' title='bbox 798 363 1007 410; x_wconf 81' lang='lat' dir='ltr'><strong>intentata</strong></span> <span class='ocrx_word' id='word_1_19' title='bbox 1039 362 1244 412; x_wconf 86' lang='lat' dir='ltr'>fortunae</span> <span class='ocrx_word' id='word_1_20' title='bbox 1260 396 1274 420; x_wconf 90' lang='lat'>,</span> <span class='ocrx_word' id='word_1_21' title='bbox 1309 377 1476 429; x_wconf 86' lang='lat' dir='ltr'><strong>quanto</strong></span> <span class='ocrx_word' id='word_1_22' title='bbox 1502 383 1573 411; x_wconf 83' lang='lat' dir='ltr'><strong>ra-</strong></span> 
     </span>
     <span class='ocr_line' id='line_1_4' title="bbox 285 435 1571 502; baseline 0.002 -18"><span class='ocrx_word' id='word_1_23' title='bbox 285 437 374 484; x_wconf 88' lang='lat' dir='ltr'><strong>rius</strong></span> <span class='ocrx_word' id='word_1_24' title='bbox 399 436 459 485; x_wconf 83' lang='lat' dir='ltr'><strong>est</strong></span> <span class='ocrx_word' id='word_1_25' title='bbox 489 436 656 483; x_wconf 88' lang='lat' dir='ltr'><strong>hostem</strong></span> <span class='ocrx_word' id='word_1_26' title='bbox 684 435 833 482; x_wconf 73' lang='lat' dir='ltr'><strong>amissa</strong></span> <span class='ocrx_word' id='word_1_27' title='bbox 854 454 985 484; x_wconf 84' lang='lat' dir='ltr'><strong>manu</strong></span> <span class='ocrx_word' id='word_1_28' title='bbox 1011 436 1191 496; x_wconf 63' lang='lat' dir='ltr'><strong>vicisse,</strong></span> <span class='ocrx_word' id='word_1_29' title='bbox 1216 455 1347 502; x_wconf 85' lang='lat' dir='ltr'><strong>quam</strong></span> <span class='ocrx_word' id='word_1_30' title='bbox 1368 451 1529 486; x_wconf 81' lang='lat' dir='ltr'><strong>armata</strong></span> <span class='ocrx_word' id='word_1_31' title='bbox 1551 439 1571 486; x_wconf 67' lang='grc' dir='ltr'>Β</span> 
     </span>
     <span class='ocr_line' id='line_1_5' title="bbox 293 511 1577 576; baseline 0.002 -18"><span class='ocrx_word' id='word_1_32' title='bbox 293 513 414 572; x_wconf 79' lang='lat' dir='ltr'><strong>Quid</strong></span> <span class='ocrx_word' id='word_1_33' title='bbox 443 513 582 576; x_wconf 85' lang='lat' dir='ltr'><strong>ergo?</strong></span> <span class='ocrx_word' id='word_1_34' title='bbox 614 511 770 576; x_wconf 86' lang='lat' dir='ltr'><strong>inquis.</strong></span> <span class='ocrx_word' id='word_1_35' title='bbox 796 513 885 558; x_wconf 94' lang='lat' dir='ltr'><strong>hoc</strong></span> <span class='ocrx_word' id='word_1_36' title='bbox 908 513 1076 558; x_wconf 90' lang='lat' dir='ltr'><strong>bonum</strong></span> <span class='ocrx_word' id='word_1_37' title='bbox 1102 512 1182 558; x_wconf 84' lang='lat' dir='ltr'><strong>tibi</strong></span> <span class='ocrx_word' id='word_1_38' title='bbox 1207 512 1395 575; x_wconf 85' lang='lat' dir='ltr'><strong>optabis.</strong></span> <span class='ocrx_word' id='word_1_39' title='bbox 1427 513 1577 573; x_wconf 87' lang='lat' dir='ltr'><strong>Quid-</strong></span> 
     </span>
     <span class='ocr_line' id='line_1_6' title="bbox 289 582 1576 649; baseline 0.001 -17"><span class='ocrx_word' id='word_1_40' title='bbox 289 585 373 632; x_wconf 86' lang='lat' dir='ltr'><strong>ni?</strong></span> <span class='ocrx_word' id='word_1_41' title='bbox 406 585 493 632; x_wconf 91' lang='lat' dir='ltr'><strong>hoc</strong></span> <span class='ocrx_word' id='word_1_42' title='bbox 521 585 665 641; x_wconf 86' lang='lat' dir='ltr'><strong>enim,</strong></span> <span class='ocrx_word' id='word_1_43' title='bbox 695 584 771 631; x_wconf 78' lang='lat' dir='ltr'><strong>nisi</strong></span> <span class='ocrx_word' id='word_1_44' title='bbox 804 584 880 648; x_wconf 87' lang='lat' dir='ltr'><strong>qui</strong></span> <span class='ocrx_word' id='word_1_45' title='bbox 913 582 1054 647; x_wconf 82' lang='lat' dir='ltr'><strong>potest</strong></span> <span class='ocrx_word' id='word_1_46' title='bbox 1085 595 1128 629; x_wconf 88' lang='lat' dir='ltr'><strong>et</strong></span> <span class='ocrx_word' id='word_1_47' title='bbox 1155 595 1333 647; x_wconf 85' lang='lat' dir='ltr'><strong>optare,</strong></span> <span class='ocrx_word' id='word_1_48' title='bbox 1365 602 1455 632; x_wconf 90' lang='lat' dir='ltr'><strong>non</strong></span> <span class='ocrx_word' id='word_1_49' title='bbox 1486 603 1576 649; x_wconf 90' lang='lat' dir='ltr'><strong>po-</strong></span> 
     </span>
     <span class='ocr_line' id='line_1_7' title="bbox 288 656 1576 720; baseline 0.001 -16"><span class='ocrx_word' id='word_1_50' title='bbox 288 657 367 705; x_wconf 72' lang='lat' dir='ltr'><strong>test</strong></span> <span class='ocrx_word' id='word_1_51' title='bbox 394 657 555 705; x_wconf 85' lang='lat' dir='ltr'><strong>facere.</strong></span> <span class='ocrx_word' id='word_1_52' title='bbox 592 660 661 703; x_wconf 87' lang='lat' dir='ltr'><strong>An</strong></span> <span class='ocrx_word' id='word_1_53' title='bbox 690 657 835 720; x_wconf 84' lang='lat' dir='ltr'><strong>potius</strong></span> <span class='ocrx_word' id='word_1_54' title='bbox 861 672 1044 719; x_wconf 88' lang='lat' dir='ltr'><strong>optem,</strong></span> <span class='ocrx_word' id='word_1_55' title='bbox 1067 668 1115 702; x_wconf 91' lang='lat' dir='ltr'><strong>ut</strong></span> <span class='ocrx_word' id='word_1_56' title='bbox 1146 656 1480 704; x_wconf 82' lang='lat' dir='ltr'><strong>malaciffandos</strong></span> <span class='ocrx_word' id='word_1_57' title='bbox 1505 676 1576 705; x_wconf 81' lang='lat' dir='ltr'><strong>ar-</strong></span> 
     </span>
     <span class='ocr_line' id='line_1_8' title="bbox 288 730 1570 794; baseline 0.001 -16"><span class='ocrx_word' id='word_1_58' title='bbox 288 731 446 779; x_wconf 85' lang='lat' dir='ltr'><strong>ticulos</strong></span> <span class='ocrx_word' id='word_1_59' title='bbox 477 731 659 778; x_wconf 79' lang='lat' dir='ltr'>exoletis</span> <span class='ocrx_word' id='word_1_60' title='bbox 681 731 788 778; x_wconf 88' lang='lat' dir='ltr'><strong>meis</strong></span> <span class='ocrx_word' id='word_1_61' title='bbox 819 730 1080 794; x_wconf 79' lang='lat' dir='ltr'>porrigam?</span> <span class='ocrx_word' id='word_1_62' title='bbox 1111 741 1161 794; x_wconf 74' lang='lat' dir='ltr'><strong>ut</strong></span> <span class='ocrx_word' id='word_1_63' title='bbox 1185 730 1466 787; x_wconf 79' lang='lat' dir='ltr'><strong>muliercula,</strong></span> <span class='ocrx_word' id='word_1_64' title='bbox 1495 746 1570 779; x_wconf 82' lang='lat' dir='ltr'><strong>aut</strong></span> 
     </span>
     <span class='ocr_line' id='line_1_9' title="bbox 290 803 1575 868; baseline 0.001 -17"><span class='ocrx_word' id='word_1_65' title='bbox 290 803 445 868; x_wconf 78' lang='lat' dir='ltr'><strong>aliquis</strong></span> <span class='ocrx_word' id='word_1_66' title='bbox 463 804 508 850; x_wconf 88' lang='lat' dir='ltr'><strong>in</strong></span> <span class='ocrx_word' id='word_1_67' title='bbox 528 803 831 850; x_wconf 78' lang='lat' dir='ltr'><strong>mulierculam</strong></span> <span class='ocrx_word' id='word_1_68' title='bbox 849 820 904 850; x_wconf 86' lang='lat' dir='ltr'><strong>ex</strong></span> <span class='ocrx_word' id='word_1_69' title='bbox 922 804 1022 851; x_wconf 89' lang='lat' dir='ltr'><strong>viro</strong></span> <span class='ocrx_word' id='word_1_70' title='bbox 1043 803 1207 861; x_wconf 54' lang='lat' dir='ltr'><strong>versis,</strong></span> <span class='ocrx_word' id='word_1_71' title='bbox 1225 803 1432 865; x_wconf 87' lang='lat' dir='ltr'><strong>digitulos</strong></span> <span class='ocrx_word' id='word_1_72' title='bbox 1450 820 1575 852; x_wconf 87' lang='lat' dir='ltr'><strong>meos</strong></span> 
     </span>
     <span class='ocr_line' id='line_1_10' title="bbox 292 876 1576 941; baseline -0.002 -15"><span class='ocrx_word' id='word_1_73' title='bbox 292 879 456 926; x_wconf 83' lang='lat' dir='ltr'><strong>ducat?</strong></span> <span class='ocrx_word' id='word_1_74' title='bbox 485 878 655 940; x_wconf 81' lang='lat' dir='ltr'><strong>Quidni</strong></span> <span class='ocrx_word' id='word_1_75' title='bbox 681 893 767 940; x_wconf 86' lang='lat' dir='ltr'><strong>ego</strong></span> <span class='ocrx_word' id='word_1_76' title='bbox 797 876 1039 925; x_wconf 82' lang='lat' dir='ltr'><strong>feliciorem</strong></span> <span class='ocrx_word' id='word_1_77' title='bbox 1064 889 1215 939; x_wconf 85' lang='lat' dir='ltr'><strong>putem</strong></span> <span class='ocrx_word' id='word_1_78' title='bbox 1241 876 1444 924; x_wconf 90' lang='lat' dir='ltr'><strong>Mucium</strong></span> <span class='ocrx_word' id='word_1_79' title='bbox 1461 912 1476 935; x_wconf 83' lang='lat'>,</span> <span class='ocrx_word' id='word_1_80' title='bbox 1500 877 1576 941; x_wconf 86' lang='lat' dir='ltr'><strong>qui</strong></span> 
     </span>
     <span class='ocr_line' id='line_1_11' title="bbox 292 950 1578 1016; baseline -0.001 -17"><span class='ocrx_word' id='word_1_81' title='bbox 292 952 349 1000; x_wconf 86' lang='lat' dir='ltr'><strong>fic</strong></span> <span class='ocrx_word' id='word_1_82' title='bbox 389 952 592 1000; x_wconf 62' lang='lat' dir='ltr'><strong>trafilavit</strong></span> <span class='ocrx_word' id='word_1_83' title='bbox 624 951 798 1016; x_wconf 80' lang='lat' dir='ltr'><strong>ignem,</strong></span> <span class='ocrx_word' id='word_1_84' title='bbox 832 950 950 1015; x_wconf 78' lang='lat' dir='ltr'><strong>quasi</strong></span> <span class='ocrx_word' id='word_1_85' title='bbox 984 951 1100 997; x_wconf 81' lang='lat' dir='ltr'><strong>illam</strong></span> <span class='ocrx_word' id='word_1_86' title='bbox 1131 966 1309 997; x_wconf 87' lang='lat' dir='ltr'><strong>manum</strong></span> <span class='ocrx_word' id='word_1_87' title='bbox 1353 951 1578 998; x_wconf 65' lang='lat' dir='ltr'><strong>traElatori</strong></span> 
     </span>
     <span class='ocr_line' id='line_1_12' title="bbox 285 1022 1577 1088; baseline 0.002 -19"><span class='ocrx_word' id='word_1_88' title='bbox 285 1023 594 1087; x_wconf 80' lang='lat' dir='ltr'><strong>praestitiffet?</strong></span> <span class='ocrx_word' id='word_1_89' title='bbox 619 1027 666 1070; x_wconf 84' lang='lat' dir='ltr'><strong>In</strong></span> <span class='ocrx_word' id='word_1_90' title='bbox 686 1023 903 1088; x_wconf 82' lang='lat' dir='ltr'><strong>integrum</strong></span> <span class='ocrx_word' id='word_1_91' title='bbox 931 1022 1143 1087; x_wconf 86' lang='lat' dir='ltr'><strong>restituit,</strong></span> <span class='ocrx_word' id='word_1_92' title='bbox 1165 1022 1380 1087; x_wconf 87' lang='lat' dir='ltr'><strong>quidquid</strong></span> <span class='ocrx_word' id='word_1_93' title='bbox 1403 1039 1577 1071; x_wconf 85' lang='lat' dir='ltr'><strong>errave-</strong></span> 
     </span>
     <span class='ocr_line' id='line_1_13' title="bbox 290 1095 1575 1152; baseline 0 -10"><span class='ocrx_word' id='word_1_94' title='bbox 290 1111 370 1144; x_wconf 82' lang='lat' dir='ltr'><strong>rat.</strong></span> <span class='ocrx_word' id='word_1_95' title='bbox 395 1096 590 1144; x_wconf 84' lang='lat' dir='ltr'><strong>confecit</strong></span> <span class='ocrx_word' id='word_1_96' title='bbox 620 1096 781 1142; x_wconf 81' lang='lat' dir='ltr'><strong>bellum</strong></span> <span class='ocrx_word' id='word_1_97' title='bbox 800 1096 982 1143; x_wconf 85' lang='lat' dir='ltr'><strong>inermis</strong></span> <span class='ocrx_word' id='word_1_98' title='bbox 1006 1112 1057 1144; x_wconf 86' lang='lat' dir='ltr'><strong>ac</strong></span> <span class='ocrx_word' id='word_1_99' title='bbox 1079 1111 1260 1145; x_wconf 80' lang='lat' dir='ltr'><strong>mancus</strong></span> <span class='ocrx_word' id='word_1_100' title='bbox 1274 1127 1289 1152; x_wconf 90' lang='lat'><strong>,</strong></span> <span class='ocrx_word' id='word_1_101' title='bbox 1313 1106 1356 1143; x_wconf 89' lang='lat' dir='ltr'><strong>et</strong></span> <span class='ocrx_word' id='word_1_102' title='bbox 1383 1095 1456 1143; x_wconf 86' lang='lat' dir='ltr'><strong>illa</strong></span> <span class='ocrx_word' id='word_1_103' title='bbox 1479 1111 1575 1142; x_wconf 88' lang='lat' dir='ltr'><strong>ma-</strong></span> 
     </span>
     <span class='ocr_line' id='line_1_14' title="bbox 294 1170 968 1234; baseline 0 -18"><span class='ocrx_word' id='word_1_104' title='bbox 294 1186 354 1217; x_wconf 88' lang='lat' dir='ltr'><strong>nu</strong></span> <span class='ocrx_word' id='word_1_105' title='bbox 377 1184 531 1218; x_wconf 83' lang='lat' dir='ltr'><strong>trunca</strong></span> <span class='ocrx_word' id='word_1_106' title='bbox 555 1187 678 1234; x_wconf 85' lang='lat' dir='ltr'><strong>reges</strong></span> <span class='ocrx_word' id='word_1_107' title='bbox 705 1171 818 1218; x_wconf 86' lang='lat' dir='ltr'><strong>duos</strong></span> <span class='ocrx_word' id='word_1_108' title='bbox 845 1170 968 1219; x_wconf 81' lang='lat' dir='ltr'><strong>vicit.</strong></span> 
     </span>
    </p>
   </div>
   <div class='ocr_carea' id='block_1_3' title="bbox 545 1301 1326 1348">
    <p class='ocr_par' dir='ltr' id='par_1_3' title="bbox 545 1301 1326 1348">
     <span class='ocr_line' id='line_1_15' title="bbox 545 1301 1326 1348; baseline 0 0"><span class='ocrx_word' id='word_1_109' title='bbox 545 1302 1016 1348; x_wconf 43' lang='lat' dir='ltr'><strong>EP‘ISTOLA</strong></span> <span class='ocrx_word' id='word_1_110' title='bbox 1093 1301 1326 1348; x_wconf 83' lang='lat' dir='ltr'><strong>LXVII.</strong></span> 
     </span>
    </p>
   </div>
   <div class='ocr_carea' id='block_1_4' title="bbox 295 1431 1580 1917">
    <p class='ocr_par' dir='ltr' id='par_1_4' title="bbox 295 1431 1580 1917">
     <span class='ocr_line' id='line_1_16' title="bbox 295 1431 1577 1500; baseline 0 -21"><span class='ocrx_word' id='word_1_111' title='bbox 295 1431 396 1498; x_wconf 80' lang='lat' dir='ltr'><strong>Post</strong></span> <span class='ocrx_word' id='word_1_112' title='bbox 411 1432 800 1491; x_wconf 62' lang='lat' dir='ltr'><strong>praefatiunculam</strong></span> <span class='ocrx_word' id='word_1_113' title='bbox 831 1433 1047 1500; x_wconf 76' lang='lat' dir='ltr'><strong>Quaestio,</strong></span> <span class='ocrx_word' id='word_1_114' title='bbox 1079 1434 1160 1478; x_wconf 74' lang='lat' dir='ltr'><strong>Aa</strong></span> <span class='ocrx_word' id='word_1_115' title='bbox 1184 1450 1302 1478; x_wconf 81' lang='lat' dir='ltr'><strong>omne</strong></span> <span class='ocrx_word' id='word_1_116' title='bbox 1331 1435 1483 1479; x_wconf 83' lang='lat' dir='ltr'><strong>bonum</strong></span> <span class='ocrx_word' id='word_1_117' title='bbox 1503 1450 1577 1494; x_wconf 80' lang='lat' dir='ltr'><strong>op-</strong></span> 
     </span>
     <span class='ocr_line' id='line_1_17' title="bbox 359 1504 1579 1570; baseline -0.001 -17"><span class='ocrx_word' id='word_1_118' title='bbox 359 1509 481 1553; x_wconf 79' lang='lat' dir='ltr'><strong>tabile</strong></span> <span class='ocrx_word' id='word_1_119' title='bbox 494 1509 517 1552; x_wconf 61' lang='grc' dir='ltr'><em>Ρ</em></span> <span class='ocrx_word' id='word_1_120' title='bbox 535 1508 620 1551; x_wconf 82' lang='lat' dir='ltr'><strong>Ait</strong></span> <span class='ocrx_word' id='word_1_121' title='bbox 633 1541 647 1562; x_wconf 78' lang='lat'>‚</span> <span class='ocrx_word' id='word_1_122' title='bbox 669 1504 736 1570; x_wconf 75' lang='lat' dir='ltr'><strong>effi</strong></span> <span class='ocrx_word' id='word_1_123' title='bbox 753 1525 768 1551; x_wconf 86' lang='lat'><strong>.·</strong></span> <span class='ocrx_word' id='word_1_124' title='bbox 787 1509 910 1552; x_wconf 81' lang='lat' dir='ltr'><strong>etiam</strong></span> <span class='ocrx_word' id='word_1_125' title='bbox 931 1507 1050 1552; x_wconf 69' lang='lat' dir='ltr'><strong>cuius</strong></span> <span class='ocrx_word' id='word_1_126' title='bbox 1071 1508 1239 1552; x_wconf 72' lang='lat' dir='ltr'><strong>materia</strong></span> <span class='ocrx_word' id='word_1_127' title='bbox 1259 1508 1305 1552; x_wconf 80' lang='lat' dir='ltr'><strong>in</strong></span> <span class='ocrx_word' id='word_1_128' title='bbox 1325 1509 1461 1554; x_wconf 82' lang='lat' dir='ltr'><strong>malis.</strong></span> <span class='ocrx_word' id='word_1_129' title='bbox 1487 1511 1579 1566; x_wconf 85' lang='lat' dir='ltr'><strong>Ut,</strong></span> 
     </span>
     <span class='ocr_line' id='line_1_18' title="bbox 350 1577 1580 1645; baseline -0.001 -21"><span class='ocrx_word' id='word_1_130' title='bbox 350 1579 524 1639; x_wconf 79' lang='lat' dir='ltr'><strong>fortiter</strong></span> <span class='ocrx_word' id='word_1_131' title='bbox 554 1579 642 1635; x_wconf 80' lang='lat' dir='ltr'><strong>uri,</strong></span> <span class='ocrx_word' id='word_1_132' title='bbox 677 1594 879 1641; x_wconf 74' lang='lat' dir='ltr'><strong>aegrotare</strong></span> <span class='ocrx_word' id='word_1_133' title='bbox 897 1611 911 1633; x_wconf 91' lang='lat'><strong>,</strong></span> <span class='ocrx_word' id='word_1_134' title='bbox 932 1577 1158 1640; x_wconf 71' lang='lat' dir='ltr'><strong>flagellari.</strong></span> <span class='ocrx_word' id='word_1_135' title='bbox 1186 1580 1290 1623; x_wconf 79' lang='lat' dir='ltr'><strong>Non</strong></span> <span class='ocrx_word' id='word_1_136' title='bbox 1320 1580 1412 1639; x_wconf 81' lang='lat' dir='ltr'><strong>ipsa</strong></span> <span class='ocrx_word' id='word_1_137' title='bbox 1443 1579 1545 1645; x_wconf 82' lang='lat' dir='ltr'><strong>ustio</strong></span> <span class='ocrx_word' id='word_1_138' title='bbox 1563 1613 1580 1637; x_wconf 85' lang='lat'>,</span> 
     </span>
     <span class='ocr_line' id='line_1_19' title="bbox 362 1649 1580 1715; baseline -0.002 -17"><span class='ocrx_word' id='word_1_139' title='bbox 362 1653 523 1698; x_wconf 74' lang='lat' dir='ltr'><strong>morbus</strong></span> <span class='ocrx_word' id='word_1_140' title='bbox 537 1653 731 1715; x_wconf 76' lang='lat' dir='ltr'><strong>‚flagella</strong></span> <span class='ocrx_word' id='word_1_141' title='bbox 747 1671 766 1707; x_wconf 84' lang='lat'><strong>,·</strong></span> <span class='ocrx_word' id='word_1_142' title='bbox 778 1652 861 1711; x_wconf 76' lang='lat' dir='ltr'><strong>sed</strong></span> <span class='ocrx_word' id='word_1_143' title='bbox 875 1653 1005 1707; x_wconf 84' lang='lat' dir='ltr'><strong>illud,</strong></span> <span class='ocrx_word' id='word_1_144' title='bbox 1016 1651 1182 1710; x_wconf 78' lang='lat' dir='ltr'><strong>fortiter</strong></span> <span class='ocrx_word' id='word_1_145' title='bbox 1198 1649 1241 1697; x_wconf 58' lang='grc' dir='ltr'><strong>(δ’</strong></span> <span class='ocrx_word' id='word_1_146' title='bbox 1252 1655 1482 1712; x_wconf 78' lang='lat' dir='ltr'><strong>patienter,</strong></span> <span class='ocrx_word' id='word_1_147' title='bbox 1504 1652 1580 1696; x_wconf 83' lang='lat' dir='ltr'><strong>in-</strong></span> 
     </span>
     <span class='ocr_line' id='line_1_20' title="bbox 361 1722 1578 1788; baseline 0 -19"><span class='ocrx_word' id='word_1_148' title='bbox 361 1725 478 1786; x_wconf 73' lang='lat' dir='ltr'><strong>quit,</strong></span> <span class='ocrx_word' id='word_1_149' title='bbox 510 1725 561 1788; x_wconf 86' lang='lat' dir='ltr'><strong>est</strong></span> <span class='ocrx_word' id='word_1_150' title='bbox 583 1725 772 1783; x_wconf 78' lang='lat' dir='ltr'><strong>optabile.</strong></span> <span class='ocrx_word' id='word_1_151' title='bbox 806 1725 996 1780; x_wconf 78' lang='lat' dir='ltr'><strong>Deinde,</strong></span> <span class='ocrx_word' id='word_1_152' title='bbox 1025 1725 1204 1769; x_wconf 77' lang='lat' dir='ltr'><strong>Virtutes</strong></span> <span class='ocrx_word' id='word_1_153' title='bbox 1240 1742 1375 1769; x_wconf 79' lang='lat' dir='ltr'><strong>nexas</strong></span> <span class='ocrx_word' id='word_1_154' title='bbox 1404 1722 1473 1788; x_wconf 76' lang='lat' dir='ltr'><strong>effi</strong></span> <span class='ocrx_word' id='word_1_155' title='bbox 1491 1741 1506 1768; x_wconf 94' lang='lat'><em>:</em></span> <span class='ocrx_word' id='word_1_156' title='bbox 1534 1722 1578 1769; x_wconf 65' lang='grc' dir='ltr'><strong>δ’</strong></span> 
     </span>
     <span class='ocr_line' id='line_1_21' title="bbox 363 1794 1580 1859; baseline 0 -17"><span class='ocrx_word' id='word_1_157' title='bbox 363 1800 423 1842; x_wconf 71' lang='lat' dir='ltr'><strong>zm</strong></span> <span class='ocrx_word' id='word_1_158' title='bbox 443 1814 530 1841; x_wconf 76' lang='lat' dir='ltr'><strong>mm</strong></span> <span class='ocrx_word' id='word_1_159' title='bbox 549 1828 562 1849; x_wconf 88' lang='lat'>,</span> <span class='ocrx_word' id='word_1_160' title='bbox 583 1814 736 1842; x_wconf 76' lang='lat' dir='ltr'><strong>omnes.</strong></span> <span class='ocrx_word' id='word_1_161' title='bbox 768 1800 884 1842; x_wconf 75' lang='lat' dir='ltr'><strong>Sunt</strong></span> <span class='ocrx_word' id='word_1_162' title='bbox 902 1794 944 1842; x_wconf 62' lang='lat' dir='ltr'><strong>G*</strong></span> <span class='ocrx_word' id='word_1_163' title='bbox 968 1797 1064 1842; x_wconf 75' lang='lat' dir='ltr'><strong>haec</strong></span> <span class='ocrx_word' id='word_1_164' title='bbox 1076 1799 1249 1857; x_wconf 66' lang='lat' dir='ltr'><strong>pulchra</strong></span> <span class='ocrx_word' id='word_1_165' title='bbox 1264 1833 1278 1856; x_wconf 86' lang='lat'>,</span> <span class='ocrx_word' id='word_1_166' title='bbox 1306 1798 1442 1857; x_wconf 80' lang='lat' dir='ltr'><strong>fortis</strong></span> <span class='ocrx_word' id='word_1_167' title='bbox 1455 1829 1468 1853; x_wconf 88' lang='lat'><strong>‚</strong></span> <span class='ocrx_word' id='word_1_168' title='bbox 1491 1815 1580 1859; x_wconf 82' lang='lat' dir='ltr'><strong>ger-</strong></span> 
     </span>
     <span class='ocr_line' id='line_1_22' title="bbox 362 1871 644 1917; baseline 0.011 -3"><span class='ocrx_word' id='word_1_169' title='bbox 362 1871 483 1915; x_wconf 80' lang='lat' dir='ltr'><strong>mani</strong></span> <span class='ocrx_word' id='word_1_170' title='bbox 502 1872 644 1917; x_wconf 70' lang='lat' dir='ltr'><strong>Stoici.</strong></span> 
     </span>
    </p>
   </div>
   <div class='ocr_carea' id='block_1_5' title="bbox 294 1977 1581 2548">
    <p class='ocr_par' dir='ltr' id='par_1_5' title="bbox 294 1977 1581 2548">
     <span class='ocr_line' id='line_1_23' title="bbox 298 1977 1579 2107; baseline 0.003 -21"><span class='ocrx_word' id='word_1_171' title='bbox 298 1977 466 2095; x_wconf 75' lang='lat' dir='ltr'><strong>UT</strong></span> <span class='ocrx_word' id='word_1_172' title='bbox 495 2055 518 2086; x_wconf 80' lang='lat' dir='ltr'>a</span> <span class='ocrx_word' id='word_1_173' title='bbox 547 2040 857 2089; x_wconf 85' lang='lat' dir='ltr'><strong>communibus</strong></span> <span class='ocrx_word' id='word_1_174' title='bbox 880 2040 1052 2090; x_wconf 83' lang='lat' dir='ltr'><strong>initium</strong></span> <span class='ocrx_word' id='word_1_175' title='bbox 1082 2042 1237 2091; x_wconf 81' lang='lat' dir='ltr'><strong>faciam</strong></span> <span class='ocrx_word' id='word_1_176' title='bbox 1255 2075 1269 2100; x_wconf 95' lang='lat'>‚</span> <span class='ocrx_word' id='word_1_177' title='bbox 1305 2060 1386 2093; x_wconf 86' lang='lat' dir='ltr'><strong>ver</strong></span> <span class='ocrx_word' id='word_1_178' title='bbox 1409 2041 1579 2107; x_wconf 84' lang='lat' dir='ltr'><strong>aperire</strong></span> 
     </span>
     <span class='ocr_line' id='line_1_24' title="bbox 297 2114 1581 2181; baseline -0.001 -18"><span class='ocrx_word' id='word_1_179' title='bbox 297 2117 338 2163; x_wconf 86' lang='lat' dir='ltr'><strong>se</strong></span> <span class='ocrx_word' id='word_1_180' title='bbox 360 2114 509 2177; x_wconf 76' lang='lat' dir='ltr'><strong>coepit</strong></span> <span class='ocrx_word' id='word_1_181' title='bbox 530 2132 540 2161; x_wconf 95' lang='lat'><strong>:</strong></span> <span class='ocrx_word' id='word_1_182' title='bbox 563 2115 634 2160; x_wconf 87' lang='lat' dir='ltr'><strong>sed</strong></span> <span class='ocrx_word' id='word_1_183' title='bbox 655 2114 741 2161; x_wconf 86' lang='lat' dir='ltr'><strong>iam</strong></span> <span class='ocrx_word' id='word_1_184' title='bbox 766 2115 1018 2163; x_wconf 78' lang='lat' dir='ltr'><strong>inclinatum</strong></span> <span class='ocrx_word' id='word_1_185' title='bbox 1041 2116 1086 2163; x_wconf 91' lang='lat' dir='ltr'><strong>in</strong></span> <span class='ocrx_word' id='word_1_186' title='bbox 1107 2117 1307 2164; x_wconf 81' lang='lat' dir='ltr'><strong>aestatem</strong></span> <span class='ocrx_word' id='word_1_187' title='bbox 1323 2153 1336 2174; x_wconf 92' lang='lat'>,</span> <span class='ocrx_word' id='word_1_188' title='bbox 1355 2134 1448 2181; x_wconf 92' lang='lat' dir='ltr'><strong>quo</strong></span> <span class='ocrx_word' id='word_1_189' title='bbox 1468 2129 1581 2163; x_wconf 88' lang='lat' dir='ltr'><strong>tem-</strong></span> 
     </span>
     <span class='ocr_line' id='line_1_25' title="bbox 297 2187 1580 2257; baseline 0.002 -23"><span class='ocrx_word' id='word_1_190' title='bbox 297 2205 406 2250; x_wconf 86' lang='lat' dir='ltr'><strong>pore</strong></span> <span class='ocrx_word' id='word_1_191' title='bbox 421 2187 560 2234; x_wconf 81' lang='lat' dir='ltr'><strong>calere</strong></span> <span class='ocrx_word' id='word_1_192' title='bbox 580 2187 767 2235; x_wconf 83' lang='lat' dir='ltr'><strong>debebat</strong></span> <span class='ocrx_word' id='word_1_193' title='bbox 782 2224 794 2245; x_wconf 88' lang='lat'>,</span> <span class='ocrx_word' id='word_1_194' title='bbox 815 2188 1003 2251; x_wconf 79' lang='lat' dir='ltr'><strong>intepuit</strong></span> <span class='ocrx_word' id='word_1_195' title='bbox 1021 2206 1032 2235; x_wconf 72' lang='grc' dir='ltr'><em>τ</em></span> <span class='ocrx_word' id='word_1_196' title='bbox 1047 2205 1128 2235; x_wconf 90' lang='lat' dir='ltr'><strong>nec</strong></span> <span class='ocrx_word' id='word_1_197' title='bbox 1149 2190 1288 2257; x_wconf 77' lang='lat' dir='ltr'><strong>adhuc</strong></span> <span class='ocrx_word' id='word_1_198' title='bbox 1301 2189 1362 2235; x_wconf 89' lang='lat' dir='ltr'><strong>illi</strong></span> <span class='ocrx_word' id='word_1_199' title='bbox 1381 2188 1490 2236; x_wconf 84' lang='lat' dir='ltr'><strong>fides</strong></span> <span class='ocrx_word' id='word_1_200' title='bbox 1506 2189 1580 2237; x_wconf 83' lang='lat' dir='ltr'><strong>est.</strong></span> 
     </span>
     <span class='ocr_line' id='line_1_26' title="bbox 297 2262 1579 2328; baseline 0.002 -20"><span class='ocrx_word' id='word_1_201' title='bbox 297 2262 421 2326; x_wconf 75' lang='lat' dir='ltr'><strong>saepe</strong></span> <span class='ocrx_word' id='word_1_202' title='bbox 457 2262 576 2309; x_wconf 86' lang='lat' dir='ltr'><strong>enim</strong></span> <span class='ocrx_word' id='word_1_203' title='bbox 607 2262 653 2308; x_wconf 87' lang='lat' dir='ltr'><strong>in</strong></span> <span class='ocrx_word' id='word_1_204' title='bbox 683 2263 874 2310; x_wconf 85' lang='lat' dir='ltr'><strong>hiemem</strong></span> <span class='ocrx_word' id='word_1_205' title='bbox 909 2263 1171 2311; x_wconf 83' lang='lat' dir='ltr'><strong>revolvitur.</strong></span> <span class='ocrx_word' id='word_1_206' title='bbox 1205 2263 1286 2310; x_wconf 88' lang='lat' dir='ltr'><strong>Vis</strong></span> <span class='ocrx_word' id='word_1_207' title='bbox 1315 2263 1422 2312; x_wconf 89' lang='lat' dir='ltr'><strong>scire</strong></span> <span class='ocrx_word' id='word_1_208' title='bbox 1448 2281 1579 2328; x_wconf 82' lang='lat' dir='ltr'><strong>quam</strong></span> 
     </span>
     <span class='ocr_line' id='line_1_27' title="bbox 298 2335 1578 2401; baseline 0.002 -20"><span class='ocrx_word' id='word_1_209' title='bbox 298 2335 481 2381; x_wconf 86' lang='lat' dir='ltr'><strong>dubium</strong></span> <span class='ocrx_word' id='word_1_210' title='bbox 511 2335 653 2383; x_wconf 72' lang='lat' dir='ltr'><strong>adhuc</strong></span> <span class='ocrx_word' id='word_1_211' title='bbox 674 2336 755 2383; x_wconf 82' lang='lat' dir='ltr'><strong>fit?</strong></span> <span class='ocrx_word' id='word_1_212' title='bbox 781 2336 982 2384; x_wconf 80' lang='lat' dir='ltr'><strong>nondum</strong></span> <span class='ocrx_word' id='word_1_213' title='bbox 1010 2353 1081 2383; x_wconf 85' lang='lat' dir='ltr'><strong>me</strong></span> <span class='ocrx_word' id='word_1_214' title='bbox 1101 2337 1337 2385; x_wconf 85' lang='lat' dir='ltr'><strong>committo</strong></span> <span class='ocrx_word' id='word_1_215' title='bbox 1364 2336 1578 2401; x_wconf 78' lang='lat' dir='ltr'><strong>frigidae:</strong></span> 
     </span>
     <span class='ocr_line' id='line_1_28' title="bbox 295 2407 1578 2472; baseline 0.002 -19"><span class='ocrx_word' id='word_1_216' title='bbox 295 2407 438 2453; x_wconf 78' lang='lat' dir='ltr'><strong>adhuc</strong></span> <span class='ocrx_word' id='word_1_217' title='bbox 462 2407 653 2469; x_wconf 76' lang='lat' dir='ltr'><strong>rigorem</strong></span> <span class='ocrx_word' id='word_1_218' title='bbox 686 2409 777 2456; x_wconf 79' lang='lat' dir='ltr'><strong>eius</strong></span> <span class='ocrx_word' id='word_1_219' title='bbox 807 2408 1013 2472; x_wconf 79' lang='lat' dir='ltr'><strong>infringo,</strong></span> <span class='ocrx_word' id='word_1_220' title='bbox 1046 2411 1146 2457; x_wconf 89' lang='lat' dir='ltr'><strong>Hoc</strong></span> <span class='ocrx_word' id='word_1_221' title='bbox 1165 2409 1257 2467; x_wconf 85' lang='lat' dir='ltr'><strong>est,</strong></span> <span class='ocrx_word' id='word_1_222' title='bbox 1290 2409 1464 2472; x_wconf 83' lang='lat' dir='ltr'><strong>inquis,</strong></span> <span class='ocrx_word' id='word_1_223' title='bbox 1495 2425 1578 2455; x_wconf 87' lang='lat' dir='ltr'><strong>nec</strong></span> 
     </span>
     <span class='ocr_line' id='line_1_29' title="bbox 294 2481 1577 2548; baseline 0 -19"><span class='ocrx_word' id='word_1_224' title='bbox 294 2481 510 2539; x_wconf 72' lang='lat' dir='ltr'><strong>calidum,</strong></span> <span class='ocrx_word' id='word_1_225' title='bbox 546 2500 628 2534; x_wconf 81' lang='lat' dir='ltr'><strong>nec</strong></span> <span class='ocrx_word' id='word_1_226' title='bbox 650 2483 856 2548; x_wconf 72' lang='lat' dir='ltr'><strong>&#39;trigidum</strong></span> <span class='ocrx_word' id='word_1_227' title='bbox 874 2484 979 2548; x_wconf 80' lang='lat' dir='ltr'><strong>pati.</strong></span> <span class='ocrx_word' id='word_1_228' title='bbox 1010 2486 1073 2531; x_wconf 87' lang='lat' dir='ltr'><strong>Ita</strong></span> <span class='ocrx_word' id='word_1_229' title='bbox 1101 2484 1192 2544; x_wconf 79' lang='lat' dir='ltr'><strong>est,</strong></span> <span class='ocrx_word' id='word_1_230' title='bbox 1224 2484 1284 2532; x_wconf 90' lang='lat' dir='ltr'><strong>mi</strong></span> <span class='ocrx_word' id='word_1_231' title='bbox 1306 2483 1457 2533; x_wconf 87' lang='lat' dir='ltr'><strong>Lucili.</strong></span> <span class='ocrx_word' id='word_1_232' title='bbox 1488 2482 1577 2530; x_wconf 84' lang='lat' dir='ltr'><strong>iam</strong></span> 
     </span>
    </p>
   </div>
   <div class='ocr_carea' id='block_1_6' title="bbox 1757 0 1797 2956">
    <p class='ocr_par' dir='ltr' id='par_1_6' title="bbox 1757 0 1797 2956">
     <span class='ocr_line' id='line_1_30' title="bbox 1757 0 1797 2956; baseline 0 0"><span class='ocrx_word' id='word_1_233' title='bbox 1757 0 1797 2956; x_wconf 95' lang='lat' dir='ltr'><strong> </strong></span> 
     </span>
    </p>
   </div>
  </div>
 </body>
</html>
