1807 3004
302 196 358 242 34
557 181 602 226 L.
650 180 945 225 ANNAEI
996 181 1351 226 SENECAE

297 287 408 333 inter
428 286 593 349 plausus
619 288 894 333 exoletorum
917 287 1002 334 hoc
1029 289 1085 333 ad
1115 287 1425 351 symphoniam
1451 306 1580 339 cane-

298 370 443 406 retur:
474 367 650 412 βεείωκε,
677 366 841 410 fiscii-osce.
871 359 991 404 nullo
1011 377 1100 405 non
1125 362 1165 406 se
1192 361 1262 408 die
1290 363 1454 408 extulit.
1480 365 1580 411 Hoc

301 431 423 493 quod
449 430 519 475 ille
537 446 591 475 ex
610 429 717 473 mala
750 429 1014 475 conscientia
1042 431 1255 488 faciebat,
1274 449 1354 479 nos
1383 451 1437 479 ex
1465 436 1582 480 bona

276 501 534 560 faciamus,
565 515 608 548 et
647 501 694 546 in
723 501 926 548 somnum
957 501 1080 562 ituri,
1103 504 1201 550 laeti
1242 505 1483 569 hilaresque
1521 506 1584 553 di-

304 590 450 622 camus
470 609 483 630 ,

372 683 491 728 Vixi.
521 679 588 737 δ’,
609 700 722 743 quem
753 684 912 728 dederat
939 685 1096 744 curficm
1112 685 1316 742 fortuna,
1335 687 1487 747 peregi.

302 790 549 838 Crastinum
582 789 612 835 fi
645 789 852 837 adiecerit
895 794 1040 848 Deus,
1070 792 1169 838 laeti
1200 792 1473 854 recipiamus.
1516 794 1587 841 Ille

303 865 569 914 beatissimus
591 865 652 912 est
672 879 713 912 et
734 867 902 913 securus
930 866 989 912 sui
1010 866 1240 928 possessor,
1261 867 1336 930 qui
1356 867 1586 915 crastinum

298 940 394 995 ,fine
409 938 681 985 solicitudine
701 938 928 1001 exspeeiat.
948 939 1164 1001 Quisquis
1183 940 1308 996 (lixit,
1332 940 1451 997 Vixi,
1472 958 1588 1004 quo-

304 1015 410 1062 tidie
446 1015 500 1060 acl
538 1014 706 1059 lucrum
750 1014 893 1077 surgit.
936 1015 1019 1059 Sed
1056 1015 1139 1059 iam
1180 1015 1323 1061 debeo
1361 1013 1588 1075 epistolam

305 1087 497 1134 cludere.
523 1085 616 1141 Sic,
644 1086 816 1148 inquis,
839 1087 924 1133 fine
955 1088 1047 1133 ullo
1075 1087 1129 1133 ad
1161 1103 1229 1132 me
1256 1086 1430 1149 peculio
1460 1087 1591 1133 veni-

307 1159 381 1207 et?
411 1158 515 1205 Noli
547 1159 699 1206 timere
723 1177 733 1205 :
757 1159 922 1223 aliquid
950 1160 1092 1207 secum
1119 1159 1240 1205 seret.
1269 1177 1401 1223 quare
1429 1160 1593 1223 aliquid

311 1232 434 1279 dixi?
477 1232 678 1277 multum.
726 1232 847 1292 Quid
883 1234 999 1280 enim
1034 1233 1114 1280 hac
1149 1249 1265 1279 voce
1295 1233 1592 1294 praeclarius,

309 1322 442 1370 quam
477 1304 537 1350 illi
565 1305 690 1350 trado
721 1306 773 1350 ad
803 1318 843 1350 te
874 1304 1216 1368 perferendam?
1255 1305 1423 1359 Malum
1458 1305 1518 1351 est
1547 1307 1594 1353 in

311 1377 555 1425 necestitate
582 1378 749 1425 vivere.
782 1378 852 1426 sed
878 1379 923 1425 in
957 1378 1200 1425 neceffitate
1223 1377 1380 1425 vivere
1398 1413 1412 1436 ‚
1446 1380 1596 1426 neces-

311 1451 406 1499 fitas
436 1450 547 1497 nulla
576 1450 648 1498 est.
682 1451 851 1512 Quidni
879 1453 994 1499 nulla
1025 1453 1114 1499 fit?
1148 1462 1297 1513 patent
1328 1452 1519 1515 undique
1543 1452 1598 1500 ad

313 1524 557 1571 libertatem
583 1524 681 1570 viae
702 1526 860 1572 multae
877 1562 889 1582 ‚
909 1527 1079 1582 breves,
1094 1524 1473 1588 faciles.⁴Agamus
1494 1526 1600 1572 Deo

315 1595 487 1660 gratias,
512 1597 636 1659 quod
657 1615 790 1645 nemo
803 1598 859 1644 ‘in
889 1598 981 1645 vita
1001 1598 1139 1657 teneri
1152 1597 1324 1659 potest.
1349 1598 1512 1644 calcare
1531 1598 1600 1660 ip,-

315 1672 378 1718 sas
406 1669 672 1718 neceffitates
701 1672 816 1719 licet.
853 1673 1091 1734 Epicurus,
1113 1671 1284 1735 inquis,
1314 1671 1421 1718 dixit
1450 1689 1459 1718 :
1491 1671 1601 1734 quid

317 1743 398 1791 tibi
420 1760 519 1790 cum
548 1743 688 1791 alieno
711 1746 729 1792 ἓ
770 1746 910 1808 Quod
939 1759 1093 1792 verum
1119 1744 1202 1800 est,
1229 1763 1378 1792 meum
1406 1744 1480 1791 est.
1504 1763 1602 1808 per-

320 1816 533 1863 severabo
555 1818 791 1881 Epicurum
818 1818 895 1866 tibi
918 1818 1112 1881 ingerere
1131 1835 1144 1877 ς
1165 1831 1213 1864 ut
1234 1817 1298 1874 isti
1325 1835 1425 1864 cum
1445 1819 1490 1863 in
1508 1835 1605 1865 ver-

320 1891 376 1956 ba
412 1888 573 1946 iurant,
607 1909 686 1940 nec
715 1892 822 1956 quid
856 1890 1024 1937 dicatur
1050 1888 1296 1946 aestimant,
1327 1890 1398 1937 sed
1428 1908 1451 1937 a
1479 1906 1608 1955 quo,

321 1962 485 2024 sciant,
509 1979 621 2029 quae
650 1967 820 2032 optima
840 1964 967 2026 sunt,
991 1963 1077 2013 effe
1106 1963 1375 2014 communia.
