1807 3004
508 172 1123 218 EPISTULAEJ
1346 192 1427 238 355

161 278 324 323 indices
351 298 358 322 :
388 277 622 323 secundum
641 312 653 333 ,
683 289 729 321 ut
762 277 973 339 impetum
1007 278 1061 322 ad
1089 277 1159 324 illa
1191 280 1332 340 capias
1358 298 1436 327 or-

163 353 358 397 dinatum
391 364 770 411 temperatumque
798 368 809 396 :
844 350 1049 405 tertium,
1080 364 1129 396 ut
1159 351 1271 397 inter
1291 353 1435 416 impe-

159 439 252 470 tum
283 440 432 480 tuum,
459 423 764 485 abbonemque
794 425 1060 480 conveniat,
1088 438 1134 470 ut
1154 425 1198 469 in
1230 428 1437 476 omnibus

160 497 247 544 istis
265 497 342 543 tibi
355 496 433 558 ipsi
447 496 705 544 consentias.
725 496 956 558 Quidquid
975 514 1028 543 ex
1050 497 1113 543 his
1130 498 1267 546 tribus
1288 500 1441 548 defue-

160 570 240 623 rit,
269 570 411 615 turbat
437 582 479 614 et
507 584 666 614 cetera.
699 568 819 627 Quid
854 569 969 614 enim
994 571 1196 629 prodest,
1226 573 1341 619 intus
1366 591 1438 620 ae·-

162 641 326 686 stimata
356 641 511 685 habere
542 640 718 693 omnia,
747 637 775 683 fi
800 637 850 685 fis
883 641 1051 701 impetu
1081 642 1277 690 nimius?
1313 647 1438 706 Quid

163 712 338 774 prodest
367 713 551 773 impetus
579 711 816 774 repreffiffe
833 747 846 768 ‚
866 727 908 757 et
927 713 1084 759 habere
1117 716 1375 776 cupiditates
1391 721 1441 767 in

160 799 233 832 tua
257 785 489 848 potestate,
520 784 548 830 fi
580 786 624 830 in
650 784 737 846 ipsa
768 801 913 831 rerum
944 786 1115 833 afflone
1146 797 1347 851 tempora
1375 791 1441 855 ig—

162 875 291 903 nores
310 891 322 915 ,
350 874 429 904 nec
447 857 549 903 scias
576 856 752 917 quando
781 856 1000 918 quidque,
1020 872 1063 903 et
1089 859 1163 904 ubi
1182 895 1194 915 ‚
1222 875 1265 908 et
1282 879 1442 923 quem-

160 932 398 977 admodum
428 930 496 993 agi
520 930 673 976 debeat
694 929 711 974 ?
736 928 866 974 Aliud
890 929 950 974 est
978 931 1094 975 enim
1115 966 1128 987 ,
1149 932 1380 993 dignitates
1396 950 1440 982 et

163 1005 299 1066 pretia
331 1021 475 1050 rerum
508 1002 656 1048 noffe:
687 1001 800 1047 aliud
834 1002 1074 1049 articulos:
1104 1004 1220 1050 aliud
1251 1006 1440 1070 impetus

161 1078 430 1133 refraenare,
459 1088 502 1122 et
524 1077 575 1121 ad
601 1076 765 1138 agenda
797 1075 885 1133 ire,
921 1093 1011 1121 non
1039 1094 1182 1124 ruere.
1210 1080 1340 1129 Tunc
1366 1100 1441 1130 er·

158 1166 217 1212 go
243 1149 331 1195 vita
356 1147 432 1193 fibi
461 1162 648 1193 concors
676 1146 762 1203 est,
796 1146 869 1191 ubi
899 1147 1013 1193 affio
1036 1165 1125 1194 non
1148 1149 1438 1200 destituitim-

160 1239 321 1284 petum.
362 1224 550 1283 Impetus
586 1237 640 1266 ex
673 1220 877 1282 dignitate
906 1221 970 1266 rei
997 1221 1206 1283 cuiusque
1235 1221 1438 1288 concipi-‘-

159 1308 250 1352 tur‚
280 1297 460 1358 perinde
490 1294 687 1341 remiffus
718 1293 943 1349 acriorve,
973 1310 1105 1355 prout
1132 1296 1200 1342 illa
1226 1297 1352 1360 digna
1375 1296 1438 1346 est

159 1372 262 1434 peti.
301 1371 513 1417 Naturalis
548 1387 643 1432 pars
675 1369 976 1431 philosophiae
1007 1369 1049 1414 in
1083 1371 1173 1417 duo
1199 1372 1442 1422 scinditurt

159 1444 447 1505 Corporalia‚
468 1456 510 1489 et
539 1442 849 1504 Incorporalia.
886 1445 1082 1505 Utraque
1110 1443 1369 1492 dividuntur
1389 1446 1436 1493 in

157 1520 281 1571 tuos,
303 1527 349 1560 ut
369 1515 425 1560 ita
447 1515 586 1560 dicam
609 1546 622 1567 ‚
650 1515 818 1576 gradus.
844 1514 1102 1576 Corporum
1128 1515 1250 1563 locus
1279 1517 1323 1562 in
1351 1517 1435 1565 hos*

157 1590 378 1650 primum,
408 1587 451 1632 in
483 1604 530 1632 ea
564 1603 672 1649 quae
708 1587 899 1643 faciunt,
939 1600 983 1633 et
1017 1599 1128 1650 quae
1154 1606 1208 1635 ex
1245 1590 1309 1637 his
1338 1592 1433 1654 giga

158 1672 318 1705 nuntur
347 1659 612 1721 :gignuntur
649 1671 791 1705 autem
823 1658 1049 1703 elementa.
1102 1659 1194 1721 Ipse
1229 1661 1434 1709 elementi

157 1732 302 1788 locus,
334 1746 381 1776 ut
412 1730 587 1793 quidam
620 1743 796 1791 putant,
824 1729 1005 1791 simplex
1033 1730 1127 1777 est:
1158 1745 1207 1778 ut
1236 1733 1431 1794 quidam,

157 1803 201 1848 in
228 1803 478 1858 materiam,
511 1814 553 1848 et
576 1802 746 1847 causam
777 1802 929 1848 omnia
957 1815 1215 1849 moventem
1233 1839 1246 1861 ‚
1277 1818 1320 1851 et
1339 1807 1433 1852 ele-⁷

161 1888 302 1920 menta
326 1875 550 1920 dividitur.
583 1873 781 1935 Superest
804 1887 852 1918 ut
871 1874 1125 1919 rationalem
1146 1887 1311 1937 partem
1336 1878 1433 1938 phi-

158 1948 382 2010 losophiae
402 1949 663 1994 dividamus.
683 1949 842 1994 Omnis
860 1948 1006 1993 oratio
1028 1958 1101 1994 aut
1122 1950 1327 1995 continua
1345 1951 1430 2007 ests

161 2035 232 2068 aut
272 2023 387 2067 inter
438 2021 773 2084 respondentem
818 2036 862 2068 et
898 2021 1240 2085 interrogantem
1278 2023 1430 2072 divisae

159 2099 282 2144 Hanc
301 2103 553 2145 «Γιαλεκτικὺν
566 2135 576 2151 .,
600 2095 715 2140 illam
733 2097 923 2156 finftoqcnisv
942 2095 1106 2155 placuit
1130 2096 1299 2143 Vocari.
1320 2096 1428 2145 haec

160 2171 291 2218 verba
317 2180 458 2222 curat,
478 2183 521 2214 et
536 2167 674 2213 sensus
687 2203 700 2224 ‚
716 2180 757 2212 et
772 2166 987 2213 ordinem.
1006 2174 1237 2217 ἓιαλεκτικὴ
1259 2168 1303 2213 in
1323 2170 1430 2217 duas

160 2254 300 2304 partes
330 2241 568 2288 dividitur:
589 2242 633 2286 in
659 2241 793 2287 verba
820 2254 863 2287 et
891 2238 1227 2302 fignificationes
1248 2257 1259 2284 ι
1283 2241 1327 2287 id
1347 2242 1427 2298 est,

158 2315 201 2361 in
233 2330 302 2361 res
326 2330 437 2376 quae
457 2314 686 2370 dicuntur,
710 2324 752 2358 et
779 2311 997 2359 vocabula
1025 2311 1184 2373 quibus
1210 2312 1427 2362 dicuntum

158 2392 313 2450 Ingens
333 2388 488 2433 deinde
511 2387 703 2449 sequitur
721 2386 944 2450 utriusque
968 2384 1141 2435 divisio·
1166 2385 1316 2450 Itaque
1337 2389 1425 2437 hoc

157 2461 262 2509 loco
291 2458 423 2506 finem
442 2459 631 2507 faciama

1105 2531 1204 2580 Za,
