1807 3004
548 204 1123 255 EP1sToLAe
1384 203 1472 267 1&

199 330 348 362 remur
363 348 376 372 ‚
399 323 442 360 et
463 313 755 360 existimamus
775 330 786 357 ε
805 312 906 376 quia
925 329 1078 375 parum
1106 310 1252 358 valent
1276 308 1322 356 in
1345 311 1474 358 unius

197 386 294 433 elati
325 385 533 432 solatium.
561 384 591 430 fi
616 401 705 431 non
733 386 964 438 habemus,
990 383 1200 428 maiorem
1233 380 1311 443 ipfi
1344 382 1476 428 nobis
1517 412 1521 416 ,

198 457 399 503 iniuriam
432 455 646 514 fecimus,
683 473 810 519 quam
839 473 862 501 a
888 454 1065 501 fortuna
1093 452 1353 514 accepimus.
1398 452 1473 498 1113

198 546 334 574 unum
355 527 523 574 abstulit
545 547 555 574 :
579 544 660 574 nos
686 544 949 591 quemquam
977 543 1068 572 non
1095 526 1292 572 fecimus.
1327 524 1476 571 Dein-x

197 604 251 648 de
284 619 338 648 ne
374 620 508 649 unum
540 603 718 666 quidem
747 602 933 656 amavit,
961 601 1036 663 qui
1063 601 1155 663 plus
1175 617 1304 663 quam
1335 616 1475 646 unum

196 691 338 721 amare
358 692 446 721 non
463 677 620 736 potuit.
640 678 680 720 Si
700 676 796 739 quis
810 673 1091 737 despoliatus,
1108 672 1254 717 amiffa
1265 671 1390 718 unica
1405 684 1476 718 tu-

195 747 316 803 nica,
337 748 614 810 complorare
633 749 673 793 se
697 748 838 805 malit,
859 763 989 809 quam
1010 745 1342 807 circumspicere
1362 761 1476 809 quo-

194 820 335 865 modo
360 820 498 882 frigus
522 819 698 882 effugiat
716 855 728 876 ,
754 834 795 866 et
819 819 984 882 aliquid
1016 818 1210 866 inveniat
1229 835 1320 881 quo
1353 832 1471 882 tegat

192 890 396 952 scapuias,
414 909 558 938 nonne
575 893 653 937 tibi
668 893 868 938 videatur
887 891 1149 937 stultiffimus
1166 891 1182 936 ἒ
1198 892 1346 950 Quem
1366 907 1479 937 ama-

194 963 268 1009 bas
286 999 299 1021 ‚
332 963 516 1010 extulisti
539 982 548 1009 :
576 980 762 1026 quaere,
792 980 923 1026 quem
951 980 1081 1010 ames.
1110 963 1250 1010 Satius
1277 963 1338 1008 est
1367 963 1476 1008 ami-

193 1052 293 1081 cum
318 1053 517 1098 reparare
536 1071 549 1093 ,
579 1053 708 1098 quam
738 1035 857 1081 flere.
896 1036 1000 1081 Scio
1030 1035 1212 1097 quidem
1242 1035 1475 1098 pertritum

191 1107 275 1152 iam
299 1109 386 1155 hoc
403 1109 487 1155 effe
503 1145 514 1166 ‚
536 1110 656 1172 quod
677 1109 924 1156 adiecturus
946 1108 1037 1155 sum
1055 1127 1067 1155 t
1095 1126 1185 1156 non
1205 1124 1352 1155 tamen
1371 1109 1476 1155 ideo

194 1182 562 1241 praetermittam,
601 1181 705 1244 quia
743 1182 796 1226 ab
824 1181 1032 1227 omnibus
1071 1181 1238 1227 dietum
1278 1181 1351 1228 est.
1405 1183 1478 1228 Fi-

193 1271 293 1299 nem
326 1255 506 1303 dolendi
541 1256 672 1301 etiam
702 1255 775 1317 qui
815 1255 998 1301 confifio
1026 1272 1116 1301 non
1146 1255 1333 1313 fecerat,
1362 1268 1476 1302 tem-

191 1343 303 1389 pore
324 1327 495 1373 invenit
515 1346 524 1373 :
549 1327 837 1389 turpissimum
863 1339 1005 1371 autem
1027 1327 1087 1372 est
1107 1327 1150 1372 in
1171 1328 1353 1373 homine
1373 1345 1475 1389 pru-

192 1399 311 1446 denti
331 1400 575 1446 remedium
595 1400 835 1456 moeroris,
859 1399 1058 1444 lassitudo
1079 1399 1326 1445 moerendi,
1354 1399 1475 1446 Malo

190 1473 408 1536 relinquas
436 1474 636 1518 dolorem
655 1507 668 1527 ‚
694 1489 825 1535 quam
851 1473 905 1517 ab
929 1472 1004 1517 isso
1024 1473 1295 1536 relinquaris.
1315 1489 1474 1536 quam-

193 1547 387 1608 primum
419 1548 464 1592 id
483 1546 628 1593 facere
659 1546 836 1602 defi-ste,
862 1546 1009 1609 quod,
1041 1545 1205 1591 etiamsi
1223 1545 1374 1602 voles,
1401 1545 1475 1592 diu

191 1617 336 1664 facere
381 1635 470 1663 non
506 1618 683 1680 poteris.
728 1623 902 1663 Annum
934 1617 1110 1665 feminis
1142 1621 1195 1664 ad
1235 1619 1473 1681 lugendum

191 1692 454 1738 constituere
484 1693 697 1749 maiores,
729 1708 819 1738 non
847 1706 894 1737 ut
922 1704 1009 1737 tam
1040 1691 1118 1737 diu
1142 1692 1367 1754 lugerent,
1400 1692 1472 1738 s'ed

192 1781 247 1810 ne
267 1764 425 1810 diutius
445 1783 454 1810 :
479 1765 587 1810 viris
610 1765 777 1810 nullum
801 1764 1048 1828 legitimum
1073 1776 1244 1832 ternpus
1268 1764 1350 1822 est,
1371 1763 1474 1828 quia

190 1837 359 1882 nulium
392 1837 636 1883 honestum.
669 1839 817 1898 Quam
842 1850 988 1883 tamen
1015 1837 1124 1883 mihi
1150 1853 1205 1883 ex
1235 1837 1314 1884 illis
1340 1836 1471 1883 muli-

191 1910 348 1957 erculis
375 1910 627 1965 dabis,‘vix
661 1910 855 1957 retraffls
877 1927 900 1955 a
930 1926 1068 1973 rogo,
1094 1911 1175 1956 vix
1200 1927 1223 1956 3
1258 1910 1472 1957 cadavere

190 1982 395 2038 temnis,
421 1982 490 2028 cui
508 1982 709 2030 lacrimae
736 1981 781 2027 in
806 1994 953 2030 totum
971 1983 1161 2030 mensem
1187 1983 1468 2030 duraverint?

190 2055 319 2101 Nulla
345 2070 410 2100 res
436 2053 563 2100 citius
590 2053 635 2099 in
666 2054 818 2101 odium
850 2055 995 2112 venit,
1025 2072 1154 2117 quam
1187 2055 1319 2102 dolor
1349 2074 1362 2102 τ
1393 2056 1469 2119 qui

189 2147 340 2177 recens
353 2166 366 2186 ,
383 2129 704 2176 consolatorem
725 2129 895 2177 invenit
909 2165 922 2187 ,
941 2144 986 2176 et
1002 2130 1173 2192 aliquos
1191 2131 1245 2177 ad
1268 2130 1308 2176 se
1328 2130 1470 2177 addu-¹

189 2203 280 2252 cit:
313 2204 579 2249 inveteratus
611 2219 723 2249 vero
752 2204 985 2250 deridetur.
1013 2221 1105 2270 neq
1120 2204 1343 2250 immerito
1367 2215 1470 2251 :aut

189 2277 308 2323 enim
330 2276 548 2323 simulatus
564 2312 576 2331 ‚
603 2289 675 2322 aut
701 2276 850 2323 stultus
881 2275 954 2324 est.
990 2278 1113 2323 Haec·
1137 2277 1216 2324 tibi
1243 2276 1415 2333 scribo,
1432 2275 1470 2324 is

188 2352 263 2414 qui
293 2357 523 2396 Annaeum
550 2351 759 2396 Serenum
782 2385 796 2408 ‚
818 2350 1080 2396 cariffimum
1109 2351 1245 2409 mihi,
1267 2364 1357 2398 tam
1383 2351 1468 2397 im«

188 2423 367 2473 modice
395 2422 525 2481 flevi,
552 2436 599 2469 ut
621 2423 767 2485 (quod
789 2425 968 2471 minime
995 2425 1153 2490 velim)
1177 2426 1291 2473 inter
1316 2442 1468 2473 exema

187 2493 258 2561 pla
286 2494 365 2546 fim.
395 2511 550 2541 eorum
577 2510 689 2558 quos
716 2495 848 2549 dolor
877 2497 1004 2550 vicit.
1036 2497 1169 2551 hodie
1198 2509 1343 2549 tamen
1372 2497 1471 2548 fac-¹2
