1797 2956
281 169 387 224 150'
513 147 563 208 ι’.
597 155 890 208 ΑΝΝΑΕΙ
941 162 1291 209 SENECAE

276 267 371 314 sunt
399 285 410 314 ε
436 267 592 331 quibus
616 285 704 314 non
736 269 847 315 dude
878 279 1045 315 tantum
1076 285 1186 330 opus
1217 268 1291 323 fit,
1322 267 1392 314 sed
1422 268 1546 315 adiu·

276 352 392 395 tore,
415 353 480 404 et,
498 356 545 387 ut
567 343 623 387 ita
645 341 809 398 dicam5
827 341 1047 388 canmre.
1069 343 1150 388 Hic
1172 342 1319 387 tertius
1334 343 1458 389 color
1477 343 1549 390 est.

277 415 320 460 Si
346 416 513 478 quaeris
545 416 669 461 huius
698 415 942 476 exemplar,
981 416 1273 462 Hermachum
1303 417 1360 462 ait
1392 416 1550 478 Epicu-

277 505 350 536 rus
377 489 501 533 talem
536 487 674 533 fuiss‘e.
709 491 857 549 Itaque
889 486 1007 532 alteri
1039 487 1170 550 magis
1200 488 1433 549 gratulatur
1448 483 1465 544 ‚'
1490 488 1553 533 al·

277 576 416 609 terum
451 561 584 623 magis
613 561 800 623 suspicit.
826 559 1041 618 Quamvis
1067 559 1180 604 enim
1212 560 1264 605 ad
1288 560 1473 605 eundem
1502 559 1553 604 fi·

279 651 379 680 nem
397 648 580 695 uterque
607 631 880 694 pervenerit:
902 642 1045 676 tamen
1065 630 1206 675 maior
1224 630 1282 675 est
1305 631 1417 689 laus,
1436 632 1553 677 idem

279 704 466 752 effecisse
489 705 534 750 in
563 702 806 749 difficiliore
842 701 1033 748 materia.
1077 703 1184 747 Puta
1209 701 1326 748 enim
1366 703 1456 748 duo
1484 719 1556 748 ae-

282 777 426 825 dificia
451 777 638 824 excitata
658 775 769 830 effe,
797 775 927 820 ambo
954 775 1070 835 paria
1086 809 1098 827 ,
1121 791 1257 836 aeque
1285 774 1464 829 excelsa,
1488 792 1556 821 aea

281 868 366 914 que
392 847 622 912 magnifica
645 865 654 892 :
675 847 855 894 alterum
877 846 983 891 dura
1011 862 1108 891 area
1128 845 1294 907 accepit
1310 879 1322 898 ‚
1342 846 1426 892 illic
1454 863 1556 908 pro-

281 926 397 975 {inus
423 940 535 986 opus
563 920 702 967 crevit
724 937 734 966 :
759 918 931 965 alterius
960 917 1237 964 fundamenta
1259 918 1486 975 misarum,
1513 919 1558 964 in

284 999 463 1046 mollem
492 1012 541 1041 ac
566 993 744 1039 fluidam
776 990 952 1037 demiffa
975 991 1189 1044 humum3
1216 991 1485 1052 multumque
1503 992 1560 1035 la-

283 1071 404 1118 boris
434 1065 691 1115 exhaustum
729 1063 819 1120 est,
856 1063 961 1107 dum
997 1062 1251 1122 pervenitur
1282 1062 1334 1106 ad
1363 1062 1561 1107 solidum.

286 1145 481 1203 Apparet
511 1137 555 1183 in
591 1136 727 1181 altero
757 1169 769 1188 ,
805 1132 1020 1195 quidquid
1055 1131 1215 1178 facium
1251 1131 1310 1177 est
1341 1152 1351 1178 :
1389 1133 1563 1180 alterius

287 1233 442 1280 magna
469 1229 566 1276 pars
589 1223 631 1257 et
658 1208 880 1256 difficilior
905 1208 1022 1254 latet.
1059 1208 1287 1265 Quaedam
1314 1207 1483 1269 ingenia
1501 1207 1564 1252 fa-

289 1289 388 1336 cilia
419 1288 462 1333 et
492 1282 695 1346 expedita
724 1298 734 1326 ι
768 1280 977 1343 quaedam
1002 1295 1130 1324 manu
1158 1278 1302 1342 (quod
1331 1277 1475 1340 aiunt)
1506 1277 1565 1323 fa-

289 1362 443 1411 cienda
464 1359 590 1416 sunt,
616 1368 658 1404 et
688 1357 730 1401 in
755 1353 1052 1402 fundamentis
1074 1352 1157 1399 suis
1186 1352 1454 1414 occupanda.
1484 1355 1565 1397 Ita-

290 1453 376 1500 que
400 1451 484 1497 ego
509 1433 629 1479 illum
661 1429 903 1476 feliciorem
932 1427 1138 1483 dixerim,
1162 1427 1237 1488 qui
1266 1425 1371 1471 nihil
1401 1424 1567 1488 negotii

291 1509 437 1556 secum
470 1505 619 1552 habuit
639 1522 648 1549 :
670 1504 787 1549 hunc
809 1500 985 1564 quidem
1015 1500 1067 1544 de
1092 1500 1131 1545 se
1160 1498 1313 1544 melius
1341 1498 1567 1555 meruisse,

291 1582 369 1646 qui
393 1572 705 1641 mahgmtatem
727 1573 1016 1620 naturae‘suae
1036 1571 1159 1628 vicit,
1180 1587 1222 1618 et
1246 1571 1297 1617 ad
1317 1570 1568 1634 sapientiam

292 1654 335 1702 se
359 1669 451 1699 non
476 1647 705 1713 perduxit,
738 1646 806 1691 sed
835 1644 1033 1689 extraxit.
1063 1644 1165 1689 Hoc
1195 1644 1350 1688 durum
1379 1655 1421 1688 et
1442 1641 1567 1688 labo·

292 1727 458 1774 riosum
482 1721 705 1786 ingenium
736 1718 863 1764 nobis
884 1717 1056 1773 datum,
1076 1715 1180 1761 scias
1201 1715 1302 1761 licet
1324 1731 1334 1759 ε
1359 1714 1473 1760 imus
1490 1730 1568 1776 per

293 1796 522 1845 obstantia.
555 1798 702 1856 Itaque
726 1806 989 1853 pugnemus,
1008 1788 1191 1834 aliorum
1218 1787 1479 1834 invocemus
1499 1803 1570 1831 au-

292 1870 458 1917 xilium.
492 1868 639 1926 Quem
654 1900 666 1921 ‚
688 1863 832 1924 inquis
846 1897 862 1919 ,
884 1860 1134 1909 invocabo?
1162 1860 1278 1905 hunc
1292 1894 1304 1916 ,
1321 1872 1394 1905 aut
1411 1859 1529 1904 illum
1551 1858 1569 1904 ἒ
1629 1878 1644 1883 ’

294 1945 370 1990 Tu
391 1956 505 1991 vero
523 1940 654 1986 etiam
676 1938 729 1982 ad
749 1935 919 1998 priores
938 1946 1158 1980 revertere
1177 1968 1188 1990 ,
1210 1931 1284 1995 qui
1306 1946 1474 1978 vacant.
1495 1933 1571 1977 ad-

294 2015 447 2062 iuvate
475 2028 557 2058 nos
574 2008 776 2072 poss‘unt,
803 2023 891 2053 non
917 2018 1082 2053 tantum
1106 2006 1181 2067 qui
1202 2006 1295 2051 sunt
1310 2037 1324 2060 ‚
1347 2005 1419 2052 sed
1434 2016 1476 2051 et
1495 2004 1571 2068 qui

295 2089 487 2136 fuerunt.
518 2068 584 2131 Ex
607 2084 660 2130 iis
690 2093 833 2129 autem
861 2081 939 2143 qui
965 2080 1088 2135 sunt,
1114 2079 1321 2142 eligamus
1350 2095 1441 2126 non
1469 2094 1575 2136 eos,

295 2163 371 2226 qui
392 2163 525 2209 verba
551 2175 703 2222 magna
731 2155 947 2203 celeritate
978 2153 1265 2216 praecipitant
1283 2188 1295 2211 ‚
1314 2164 1356 2198 et
1374 2168 1573 2199 commu-

296 2251 371 2280 nes
397 2234 520 2280 locos
552 2231 777 2283 volvunt,
811 2239 852 2274 et
883 2226 927 2272 in
958 2225 1134 2288 privato
1167 2225 1428 2288 cireulantur
1460 2241 1470 2269 ε
1501 2222 1574 2269 sed

294 2322 370 2352 eos
399 2305 477 2368 qui
503 2303 593 2351 vita
624 2303 808 2357 docent,
839 2299 1033 2362 quicum
1067 2297 1251 2343 dixerint
1279 2297 1383 2360 quid
1410 2295 1574 2342 facien-

296 2378 398 2423 dum
424 2377 496 2434 fit,
527 2375 716 2438 probant
744 2372 951 2420 faciendo
974 2390 984 2418 ε
1007 2371 1082 2434 qui
1111 2372 1273 2416 docent
1297 2369 1402 2433 quid
1429 2368 1575 2415 vitan-

296 2450 401 2498 dum
421 2449 497 2508 sit,
526 2447 607 2497 nec
627 2463 818 2512 unquam
837 2445 883 2492 in
912 2461 996 2505 eo,
1027 2444 1151 2508 quod
1172 2441 1425 2508 fugiendum
1449 2439 1575 2488 dixee
