1797 2956
290 191 381 240 ffiss
532 183 1332 245 L.ANNAEISENECAE

289 301 406 347 Puto
424 299 604 365 intelligi
624 302 735 348 istud
760 302 943 350 verbum
962 303 1165 352 interiffe.
1190 307 1258 352 Ne
1276 318 1318 353 te
1338 306 1466 371 longe
1484 307 1574 355 dif-

287 371 453 432 feram;
480 377 696 439 quaedam
723 376 929 438 simplicia
955 376 997 424 in
1024 378 1103 426 usu
1122 394 1267 437 erant,
1294 380 1400 429 ficut
1426 400 1576 430 cerne-

289 464 338 494 re
359 447 479 494 ferro
509 449 622 497 inter
642 449 684 496 se
703 449 973 499 dicebantur.
992 453 1112 500 Idem
1135 454 1346 518 Virgilius
1363 455 1449 502 hoc
1470 471 1576 518 pro—

288 520 410 569 babit
433 521 513 568 tibi
534 539 544 567 :

535 650 680 708 Stupet
697 649 779 709 ipse
807 649 1021 707 Latinus,

353 718 571 779 Ingentis,
593 725 754 782 genitos
781 722 943 786 divefis
967 724 1153 784 partibus
1178 725 1312 782 orbis,

353 794 472 839 Inter
491 795 539 854 fi
557 793 687 858 coiiffk
712 798 820 843 viros
836 828 850 851 ‚
878 795 921 842 δ’
948 815 1096 842 cernere
1117 797 1248 856 firm.

288 924 414 986 quod
442 941 558 972 nunc
586 927 821 974 decernere
846 926 1064 974 dicimus:
1092 927 1297 990 simplicis
1330 929 1454 977 verbi
1479 930 1579 978 usus

289 995 467 1043 amiffus
491 996 564 1044 est.
582 999 804 1046 Dicebant
829 998 1026 1062 antiqui,
1052 999 1082 1044 fi
1110 1000 1245 1057 iusso,
1270 1000 1313 1047 id
1331 1000 1420 1057 est,
1439 1001 1469 1047 fi
1487 1001 1576 1048 ius-

288 1068 400 1117 sero,
434 1071 536 1118 Hoc
562 1073 671 1119 nolo
699 1073 806 1119 mihi
837 1074 987 1120 credas
1011 1090 1022 1118 z
1052 1073 1125 1119 sed
1149 1071 1236 1120 fide
1256 1074 1478 1137 Virgilio:

358 1197 527 1256 Cetera,
560 1215 644 1258 qua
672 1197 802 1263 iuſjb,
831 1216 986 1244 mecum
1020 1216 1173 1244 manus
1199 1198 1354 1257 inferat
1378 1217 1510 1246 arma.

287 1318 395 1366 Non
415 1319 461 1366 id
484 1337 569 1384 ago
591 1339 708 1369 nunc
730 1321 812 1369 hac
830 1320 1142 1385 diligentia,'ut
1162 1320 1408 1381 ostendam,
1427 1339 1571 1387 quan-

286 1405 380 1439 tum
406 1405 579 1456 tempus
603 1395 718 1457 apud
741 1394 1076 1458 grammaticum
1105 1394 1373 1456 perdiderim
1393 1413 1404 1442 :
1428 1396 1499 1442 sed
1526 1407 1574 1442 ut

285 1481 342 1511 ex
359 1465 446 1513 hoc
463 1466 672 1530 intelligas
687 1499 701 1524 ‚
729 1478 942 1532 quantum
963 1467 1080 1530 apud
1106 1465 1294 1512 Ennium
1314 1482 1358 1514 et
1375 1468 1574 1528 Attium,

285 1536 529 1583 verborum
555 1538 657 1586 fitus
684 1537 1002 1601 occupaverit:
1032 1553 1132 1584 cum
1162 1537 1278 1598 apud
1307 1537 1424 1585 hunc
1452 1555 1571 1602 quo—

286 1626 402 1672 que,
427 1611 506 1673 qui
533 1611 734 1676 quotidie
759 1613 1009 1665 excutitur,
1040 1611 1183 1673 aliqua
1208 1610 1336 1656 nobis
1367 1610 1573 1659 subdubia

285 1680 380 1728 sint.
418 1683 540 1743 Quid
558 1719 571 1742 ‚
597 1683 740 1747 inquis
758 1719 771 1740 ‚
803 1683 881 1729 sibi
911 1683 987 1730 ista
1016 1684 1115 1731 vult
1140 1682 1452 1746 praeparatio?
1478 1701 1572 1748 quo

285 1755 471 1817 spediat?
505 1759 612 1805 Non
639 1759 795 1805 celabo
826 1771 881 1806 te.
908 1760 1072 1822 cupio,
1099 1757 1128 1804 fi
1161 1757 1256 1804 fieri
1282 1758 1427 1820 potest
1459 1776 1570 1821 pro-

283 1827 403 1891 pitiis
421 1830 595 1879 auribus
623 1832 734 1890 tuis,
762 1831 994 1880 Effentiam
1027 1833 1172 1881 dicere
1194 1849 1205 1876 :
1226 1832 1288 1877 sm
1317 1830 1486 1889 minus,
1512 1832 1571 1878 di-

282 1919 380 1950 cam
412 1916 453 1952 et
479 1905 611 1953 iratis.
652 1907 921 1954 Ciceronem
948 1906 1170 1954 ειιξὶοῑεηι
1196 1903 1326 1950 huius
1349 1904 1473 1950 verbi
1492 1905 1569 1951 ha·

281 1973 402 2034 beo,
427 1989 538 2039 puto
567 1977 844 2041 locupletem.
873 1977 904 2024 fi
932 1977 1224 2026 recentiorem
1256 1976 1456 2039 quaeris,
1487 1980 1568 2023 Fa-

281 2050 461 2098 bianum
475 2086 488 2110 ‚
510 2051 717 2098 disertum
738 2064 781 2100 et
800 2052 1041 2117 elegantem
1058 2083 1072 2108 ,
1091 2049 1304 2098 orationis
1319 2086 1334 2108 ,
1361 2049 1493 2097 etiam
1514 2052 1569 2098 ad

278 2126 482 2175 nostrum
504 2125 722 2175 fastidium
742 2161 755 2186 ,
780 2126 953 2174 nitidae.
986 2126 1112 2187 Quid
1130 2123 1248 2172 enim
1276 2123 1375 2180 fiet,
1402 2125 1462 2172 mi
1481 2126 1572 2172 Lu-

280 2202 388 2247 cili?
418 2201 655 2265 quomodo
683 2202 853 2248 dicetur
867 2204 976 2255 οὐσίαι
1001 2216 1068 2247 res
1089 2197 1349 2254 necessaria,
1371 2210 1568 2246 naturam

230 2299 232 2301 >
280 2275 541 2332 continens,
573 2274 912 2322 fundamentum
951 2271 1187 2320 omnium?
1222 2272 1358 2335 Rogo
1390 2271 1570 2336 itaque,

277 2348 504 2411 permittas
520 2348 631 2394 mihi
646 2349 738 2396 hoc
754 2348 897 2395 verbo
914 2348 990 2395 uti.
1019 2346 1304 2393 nihilominus
1324 2346 1441 2393 dabo
1458 2362 1568 2408 ope-

279 2437 402 2479 ram,
427 2437 473 2468 ut
506 2422 573 2468 ius
596 2438 620 2467 a
648 2434 690 2470 te
722 2424 873 2469 clatum
900 2419 1142 2484 parcissime
1173 2436 1401 2468 exerceam
1425 2437 1436 2466 :
1469 2417 1566 2465 for·-

278 2493 383 2543 1affe
414 2506 642 2545 contentus
672 2513 752 2544 ero
781 2495 894 2544 mihi
925 2495 1072 2546 licere.
1114 2493 1235 2558 Quid
1267 2492 1465 2558 proderit
1497 2491 1565 2539 fa-
