1807 3004
307 228 361 258 12
545 212 1300 283 L.ANNAEISENECAE

300 333 386 379 que
411 317 644 376 efficimus,
667 330 714 366 ut
743 318 846 364 nihil
867 318 1024 365 imitari
1043 320 1178 366 velint
1201 319 1357 375 nostri,
1385 319 1485 365 dum
1508 317 1567 365 ti-

302 401 421 436 ment
445 409 500 437 ne
530 392 737 437 imitanda
769 391 849 436 fint
873 392 1036 438 omnia.
1077 390 1176 439 Hoc
1210 393 1396 454 primum
1427 391 1571 452 philo-

301 463 451 524 sophia
474 464 691 526 pronzittit
709 498 722 520 ,
741 463 905 510 sensum
933 480 1213 512 communem
1229 499 1242 520 ‚
1262 464 1570 510 humanitatem

298 547 342 579 et
368 538 782 600 congregationem:
804 554 827 582 a
860 554 945 599 qua
975 536 1241 599 profeffione
1270 536 1568 582 dissimilitudo

297 608 522 670 separabit.
550 610 787 667 vids-amus
810 628 863 656 ne
885 611 982 668 ista,
1005 628 1080 673 per
1103 627 1210 673 quae
1237 609 1568 655 admirationem

296 696 450 741 parare
495 684 736 740 volumus,
774 681 954 729 ridicula
990 695 1032 729 et
1069 682 1219 728 odiosa
1258 681 1349 727 sint.
1398 682 1569 743 Nempe

295 755 572 815 propofitum
606 756 799 801 nostrum
835 755 923 810 est,
950 756 1183 803 secundum
1212 771 1405 801 naturam
1440 755 1568 801 vive—

295 839 356 869 re.
390 825 489 872 Hoc
512 841 663 873 contra,
684 840 872 873 naturam
902 828 989 886 est,
1017 841 1223 882 torquere
1248 845 1407 890 corpus
1427 828 1570 885 suum,

296 909 339 942 et
365 896 513 945 faciles
541 900 677 946 odisse
709 902 963 957 munditias,
986 914 1028 947 et
1057 902 1316 963 squallorem
1337 913 1538 962 appetere
1555 935 1571 959 ‚

295 982 338 1014 et
365 971 470 1016 cibis
502 989 591 1017 non
622 985 786 1018 tantum
818 974 976 1019 vilibus
1009 973 1092 1030 uti,
1119 974 1188 1019 led
1214 974 1335 1020 tetris
1364 984 1406 1018 et
1434 973 1571 1019 horri-

295 1043 371 1089 dis.
404 1047 794 1103 Quemadmodum
826 1045 1025 1091 delicatas
1054 1063 1120 1091 res
1146 1046 1410 1102 desiderare,
1437 1046 1569 1093 luxu-

293 1115 381 1162 riae
410 1117 503 1163 est:
531 1119 587 1163 ita
619 1130 786 1165 imitatas
814 1133 855 1165 et
890 1136 979 1164 non
1010 1135 1170 1180 magno
1201 1120 1409 1180 parabiles
1442 1118 1569 1183 fuge-

293 1205 368 1244 re,
394 1191 490 1237 den
481 1192 636 1239 entiae
666 1192 741 1238 est.
770 1192 955 1254 Frugaii
960 1207 1069 1237 atem
1086 1192 1260 1254 exigit.
1271 1193 1571 1255 philosophia,

292 1278 384 1307 non
416 1279 643 1324 poenam:
673 1264 812 1325 potest
843 1278 983 1310 autem
1012 1245 1095 1310 effe
1133 1281 1223 1310 non
1251 1267 1447 1312 incomta
1471 1249 1567 1312 frut-

246 1386 249 1389 ,
294 1333 451 1396 galitas.
478 1334 563 1380 Hic
583 1335 692 1380 mihi
718 1336 875 1381 modus
904 1336 1056 1398 placet.
1083 1338 1193 1382 Ten
1180 1353 1372 1398 peretur
1398 1339 1486 1384 vita
1503 1337 1570 1384 in-

295 1416 361 1452 ter
379 1408 522 1455 bonos
542 1426 685 1455 mores
706 1422 746 1455 et
765 1410 962 1470 publicos
984 1429 993 1456 :
1018 1410 1245 1471 suspiciant
1260 1429 1412 1458 omnes
1435 1412 1569 1458 vitam

293 1476 482 1526 nostram
500 1518 515 1539 ,
543 1482 613 1528 sed
641 1496 682 1530 et
709 1483 960 1546 agnoscant.
992 1479 1114 1544 Quid
1141 1486 1277 1547 ergo?
1315 1486 1473 1532 Eadem
1502 1486 1568 1531 fa-
1605 1500 1609 1504 ’

293 1552 483 1612 demus,
510 1573 620 1613 quae
651 1556 816 1603 ceteri?
847 1557 953 1602 nihil
976 1557 1087 1603 inter
1117 1574 1198 1603 nos
1219 1571 1261 1604 et
1286 1558 1380 1604 illos
1406 1558 1568 1606 intere·

292 1625 376 1673 rit?
403 1627 652 1688 plurimum.
687 1629 924 1676 Diffimiles
948 1630 1031 1676 effe
1050 1646 1131 1676 nos
1158 1631 1296 1693 vulgo
1312 1666 1322 1684 ,
1345 1630 1473 1687 sciat,
1493 1631 1567 1694 qui

293 1697 524 1761 inspexerit
556 1701 749 1763 propius.
776 1702 849 1765 qui
883 1703 1065 1749 domum
1093 1702 1343 1760 intraverit,
1373 1719 1453 1750 nos
1483 1719 1568 1766 po·

294 1771 375 1818 tius
401 1774 608 1829 miretur,
641 1791 768 1835 quam
805 1774 1108 1836 supelieffilem
1141 1774 1346 1821 nostram.
1385 1777 1568 1837 Magnus

293 1842 365 1890 ille
392 1844 475 1895 est,
507 1847 582 1908 qui
608 1845 808 1892 fierihbus
835 1845 891 1892 fic
919 1847 1081 1901 utitur,
1106 1847 1478 1908 quemadmodum
1497 1865 1565 1893 ar-

290 1932 454 1980 gento:
487 1935 567 1964 nec
595 1919 666 1964 ilie
696 1918 842 1964 minor
877 1918 967 1975 est,
996 1918 1071 1981 qui
1105 1919 1161 1964 sic
1191 1931 1373 1982 argento
1400 1919 1564 1978 utitur,
1632 1929 1639 1933 “

291 1992 664 2053 quemadmodum
686 1990 904 2038 ficftilibus.
925 1991 1089 2038 Infirmi
1109 1992 1240 2038 animi
1257 1993 1336 2049 est,
1363 1993 1451 2055 pati
1473 2010 1564 2039 non

293 2064 396 2126 pos‘
393 2084 416 2112 e
448 2066 636 2113 divitias.
682 2068 765 2112 Sed
796 2056 853 2112 m„
875 2065 1003 2112 huius
1035 2084 1211 2129 quoque
1242 2067 1327 2113 diei
1357 2067 1560 2114 lucellum

291 2150 435 2183 tecum
464 2141 814 2197 communicem,
843 2140 957 2202 apud
982 2141 1254 2186 Hecatonem
1281 2140 1506 2187 nostrum
1495 2158 1564 2186 in-

292 2210 421 2264 veni,
448 2211 592 2273 cupidi
597 2226 732 2258 tatum
754 2210 910 2266 finem,
941 2212 1069 2258 etiam
1098 2214 1150 2258 ad
1177 2204 1347 2259 timoris
1373 2198 1563 2259 remedia

293 2281 521 2343 proficere
551 2284 758 2339 Desmes,
787 2285 950 2347 inquit,
978 2285 1158 2340 timere,
1154 2285 1207 2330 fi
1238 2285 1406 2347 sperare
1429 2285 1563 2331 desie-

294 2353 364 2399 ris.
392 2355 552 2413 Dices,
578 2358 810 2418 quomodo
836 2356 916 2402 ista·
935 2370 1022 2402 tam
1053 2357 1217 2403 diversa
1243 2358 1399 2420 pariter
1427 2357 1559 2403 sunt?

293 2426 351 2473 ita
378 2427 464 2484 est,
495 2430 551 2473 mi
584 2430 755 2475 Lucili:
790 2446 889 2476 cum
930 2430 1161 2477 videantur
1197 2431 1420 2487 diffidere,
1451 2446 1559 2476 con-

291 2498 437 2546 iunEia
467 2499 574 2548 suntt
609 2503 1002 2562 Quemadmodum
1038 2504 1186 2550 eadem
1224 2518 1374 2550 catena
1403 2516 1446 2549 et
1481 2519 1559 2549 cu·
