1797 2956
311 175 404 224 330
570 163 619 210 L.
673 163 974 211 ANNAEI
1022 164 1364 214 SENECAE

308 284 412 316 vere
437 268 478 316 se
502 269 766 318 ambulando
788 271 1018 331 testantur,
1046 274 1182 322 mulio
1210 276 1476 323 excalceatus
1494 293 1584 323 non

308 356 491 405 propter
517 342 731 390 aestatem.
762 344 849 390 Vix
874 363 896 391 a
920 362 990 393 me
1021 348 1201 395 obtineo
1218 382 1232 405 ‚
1270 361 1316 395 ut
1346 349 1432 395 hoc
1460 350 1584 395 vehi·

308 417 454 464 culum
490 418 622 464 velim
659 419 800 465 videri
836 437 996 467 meum.
1037 423 1179 470 Durat
1212 424 1353 470 adhuc
1389 424 1585 484 perversa

309 492 416 539 teeti
437 494 716 539 verecundia.
745 495 917 558 quoties
941 495 984 541 in
1008 496 1196 559 aliquem
1223 499 1478 545 comitatum
1496 498 1585 544 lau-

307 565 466 612 tiorem
487 565 722 614 incidimus
737 604 749 625 ‚
770 567 934 614 invitus
957 569 1164 616 erubesco
1185 588 1195 616 τ
1221 573 1341 634 quod
1362 586 1585 635 argumen-

307 652 400 684 tum
437 638 523 695 est,
553 638 652 697 ista,
696 657 806 703 quae
840 642 1016 702 probo,
1050 658 1159 705 quae
1190 642 1351 698 laudo,
1389 643 1588 688 nondum

308 710 470 757 habere
488 724 649 758 certam
674 712 817 759 sedem
835 725 877 759 et
895 714 1182 760 immobilem.
1198 715 1290 776 Qui
1314 714 1492 760 sordido
1512 731 1588 760 ve-

307 783 458 831 hiculo
493 787 706 834 erubescit
726 824 738 846 ‚
777 788 972 851 pretioso
1003 790 1227 852 gloriatur.
1265 791 1418 835 Parum
1450 789 1590 834 adbuc

308 859 514 921 profeci,
548 861 747 908 nondum
777 863 918 909 audeo
949 862 1236 926 frugalitatem
1275 863 1411 923 palam
1448 861 1561 908 ferre
1580 897 1593 919 ‚

308 933 440 980 etiam
465 951 582 981 nunc
611 953 719 982 curo
743 936 976 999 opiniones
1001 939 1237 984 viatorum.
1273 936 1442 982 Contra
1460 935 1594 981 totius

308 1007 480 1069 generis
506 1008 681 1054 humani
722 1010 958 1070 opiniones
986 1010 1196 1056 mittenda
1226 1026 1320 1055 vox
1357 1022 1447 1055 erat
1478 1025 1488 1053 ε
1522 1010 1595 1053 In-

309 1079 477 1135 sanitis,
494 1081 641 1129 erratis
655 1118 668 1139 ‚
686 1082 861 1146 stupetis
881 1083 932 1129 ad
959 1084 1225 1145 supervacua
1240 1119 1253 1141 ‚
1284 1082 1502 1128 neminem
1524 1098 1596 1127 ae-

310 1152 489 1200 stimatis
519 1155 613 1200 suo,
647 1155 764 1201 Cum
796 1156 850 1200 ad
871 1156 1184 1216 patrimonium
1211 1170 1393 1200 ventum
1415 1154 1502 1210 est,
1529 1153 1598 1198 di-

308 1226 573 1290 ligentissimi
595 1236 924 1289 computatores
941 1262 955 1284 ‚
989 1227 1044 1272 sic
1074 1227 1288 1272 rationem
1319 1226 1483 1286 ponitis
1511 1225 1597 1270 fin-

310 1300 546 1363 gulorum:
585 1300 744 1361 quibus
768 1313 841 1346 aut
873 1298 1101 1362 pecuniam
1129 1298 1335 1345 credituri
1364 1298 1459 1345 estis
1478 1333 1491 1355 ‚
1528 1309 1599 1344 aut

310 1372 523 1419 beneficia
546 1390 557 1417 ε
590 1371 724 1436 (nam
753 1372 860 1418 baec
885 1387 1064 1434 quoque
1094 1370 1178 1416 iam
1208 1370 1393 1433 expensa
1415 1369 1552 1416 fertis.
1575 1370 1598 1431 )

311 1444 393 1491 late
423 1446 609 1506 poffidet
624 1480 636 1503 ‚
664 1445 735 1491 sed
757 1445 941 1490 multum
964 1443 1122 1489 debet:
1150 1442 1278 1489 habet
1300 1443 1483 1488 domum
1506 1441 1600 1487 for-

312 1516 504 1573 mosam,
521 1517 593 1563 sed
619 1516 770 1563 alienis
789 1516 978 1562 nummis
998 1528 1190 1578 paratam
1209 1533 1218 1559 :
1240 1514 1443 1560 familiam
1469 1529 1601 1560 nemo

313 1588 406 1634 cito
429 1588 734 1651 speciosiorem
761 1589 978 1651 producet
998 1624 1012 1644 ,
1035 1587 1108 1633 sed
1136 1587 1389 1633 nominibus
1420 1602 1510 1632 non
1530 1602 1599 1632 re-

314 1660 513 1723 spondet.
545 1661 587 1707 Si
609 1662 899 1708 creditoribus
926 1660 1134 1718 solverit,
1165 1661 1273 1706 nihil
1292 1659 1348 1705 illi
1382 1659 1602 1720 supererit.

316 1733 436 1779 Idem
458 1732 502 1779 in
533 1734 712 1797 reliquis
739 1751 916 1798 quoque
946 1733 1087 1780 facere
1119 1732 1368 1790 debebatis,
1399 1744 1603 1777 excutere

317 1819 529 1870 quantum
559 1807 729 1870 proprii
759 1807 941 1871 quisque
963 1808 1132 1853 habeat.
1161 1807 1363 1854 Divitem
1384 1805 1502 1850 illum
1524 1822 1603 1867 pu-

316 1894 407 1937 tas,
442 1880 545 1943 quia
569 1898 699 1927 aurea
718 1880 910 1942 supellex
931 1880 1059 1926 etiam
1083 1880 1128 1926 in
1153 1879 1225 1927 via
1258 1896 1357 1925 eum
1388 1877 1604 1941 sequitur,

318 1953 421 2014 quia
447 1952 488 1998 in
516 1954 725 2001 omnibus
765 1953 1011 2015 provinciis
1038 1969 1127 1999 arat
1147 1988 1159 2009 ,
1193 1952 1299 2015 quia
1318 1967 1496 2015 magnus
1526 1951 1607 1997 ka-

317 2024 499 2071 lendarii
529 2025 641 2073 liber
660 2026 860 2073 volvitur
879 2061 893 2084 ,
924 2025 1027 2088 quia
1048 2036 1216 2073 tantum
1248 2023 1482 2070 suburbani
1513 2025 1604 2085 agri

318 2098 506 2160 poffidet
515 2134 531 2156 ,
547 2113 762 2162 quantum
779 2097 996 2145 invidiose
1014 2098 1059 2143 in
1079 2097 1254 2144 desertis
1274 2097 1459 2159 Apuliae
1476 2095 1604 2158 poffi·

320 2171 464 2218 deret:
484 2184 527 2219 et
547 2189 647 2219 cum
669 2173 820 2219 omnia
836 2171 1020 2229 dixeri3‚
1047 2166 1212 2234 pauper
1228 2169 1302 2216 est.
1332 2169 1490 2234 quare?
1507 2168 1608 2231 quia

321 2243 465 2291 debet.
484 2244 729 2308 quantum?
751 2245 910 2307 inquis.
926 2244 1102 2289 omnia:
1124 2242 1198 2288 nisi
1220 2240 1338 2288 forte
1359 2241 1526 2288 iudices
1544 2241 1609 2286 in-

323 2317 494 2375 tet-effe,
523 2329 668 2365 utrum
695 2318 847 2382 aliquis
876 2317 932 2363 ab
956 2316 1162 2372 homine,
1188 2332 1241 2362 an
1261 2332 1284 2361 a
1315 2315 1489 2362 fortuna
1513 2331 1609 2359 mu·-

325 2401 449 2437 tuum
478 2391 685 2439 sumserit.
707 2391 829 2452 Quid
854 2391 907 2436 ad
925 2407 1015 2436 rem
1036 2389 1255 2452 pertinent
1277 2388 1416 2434 mulae
1441 2387 1608 2449 sagina-

325 2473 415 2522 tae,
428 2465 554 2513 unius
569 2481 724 2512 omnes
743 2462 936 2512 coloris?
957 2462 1077 2523 Quid
1097 2460 1174 2508 ista
1194 2461 1399 2509 vehicula
1419 2459 1609 2508 caelata?
