1807 3004
341 210 428 258 118
571 214 618 258 L.
677 211 971 259 ΑΝΝΑΕΙ
1022 209 1376 258 SENECAE

335 320 535 376 dictaret,
563 336 653 365 non
679 319 863 376 diceret,
886 318 973 364 ait:
995 319 1112 377 Dic,
1137 319 1208 366 vel
1236 335 1460 382 nunquam
1481 318 1615 368 dicas.

334 394 448 439 Nam
477 394 534 452 Q.
559 392 724 437 Haterii
748 390 919 438 cursum
939 391 1019 438 suis
1040 393 1312 454 temporibus
1333 393 1519 439 oratoris
1541 410 1612 440 ce-

334 464 581 520 leberrimi,
608 463 737 526 longe
756 462 897 511 abesse
918 462 971 508 ab
991 463 1186 508 homime
1211 464 1312 510 sano
1334 464 1459 512 volo.
1488 467 1615 511 Nun-

335 555 465 601 quam
483 535 712 594 dubitavit,
726 552 946 599 nunquam
962 535 1203 582 intermisit:
1219 535 1348 583 semel
1363 537 1615 600 incipiebat,

334 610 464 661 semel
490 609 721 656 desinebat.
757 610 985 668 Quaedam
1007 620 1150 655 tamen
1170 621 1211 655 et
1231 610 1475 658 nationibus
1505 624 1616 673 puto

335 683 473 745 magis
489 695 560 728 aut
575 681 716 729 minus
736 682 991 729 convenire.
1013 684 1059 727 ln
1077 682 1255 729 Graecis
1274 682 1383 730 hanc
1396 684 1614 730 licentiam

334 755 481 804 tuleris
502 771 511 801 :
534 771 614 803 nos
634 754 764 801 etiam
786 771 887 803 cum
913 754 1137 805 scribimus
1151 791 1163 813 ‚
1184 755 1491 819 interpungere
1512 774 1617 804 con-

335 827 567 881 suevimus.
586 827 748 873 Cicero
769 842 949 889 quoque
970 825 1113 871 noster
1128 860 1140 882 ‚
1164 842 1184 870 a
1206 843 1296 888 quo
1318 829 1516 875 Romana
1535 828 1618 873 elo-

334 900 510 964 quentia
537 899 725 956 exstitit‚
753 898 974 962 gradarius
993 898 1086 944 fuit.
1118 901 1344 945 Romanus
1369 899 1510 945 sermo
1529 916 1617 947 ma-

334 976 396 1038 gis
419 974 460 1021 se
481 972 797 1035 circumspicit,
820 986 863 1018 et
889 971 1080 1018 aestimat
1095 1008 1107 1030 ‚
1129 984 1171 1019 et
1193 972 1370 1034 praebet
1392 970 1617 1017 aestiman-

334 1048 455 1093 dum.
501 1046 712 1092 Fabianus
743 1045 814 1093 vir
847 1043 1042 1107 egregius
1073 1056 1115 1094 et
1148 1043 1238 1089 vita
1266 1055 1306 1093 et
1340 1043 1538 1101 scientia,
1575 1056 1619 1090 et

335 1121 458 1182 quod
496 1119 593 1181 post
625 1119 699 1164 ista
731 1118 819 1175 est,
853 1117 1105 1180 eloquentia
1133 1133 1340 1178 quoque,
1378 1116 1619 1178 disputabat

334 1193 536 1255 expedite
563 1191 720 1254 magis,
746 1207 878 1252 quam
906 1189 1123 1238 concitate
1155 1207 1166 1235 ε
1191 1199 1236 1234 ut
1265 1188 1405 1251 poss‘es
1439 1190 1585 1236 dicere
1603 1225 1618 1248 ‚

335 1266 585 1313 facilitatem
617 1263 701 1311 effe
738 1263 885 1319 illam,
917 1279 1006 1309 non
1035 1261 1316 1308 celeritatem.
1375 1263 1501 1308 Hanc
1534 1279 1620 1325 ego

335 1340 380 1387 in
410 1339 512 1387 viro
539 1338 729 1399 sapiente
759 1337 942 1399 recipio.
971 1354 1062 1384 non
1094 1336 1226 1400 exigo
1243 1372 1256 1394 ‚
1283 1349 1330 1383 ut
1356 1337 1503 1383 oratio
1529 1337 1620 1385 eius

335 1410 423 1456 sine
460 1408 783 1472 impedimento
819 1420 943 1454 exeat
968 1426 977 1453 :
1008 1407 1256 1470 proferatur
1287 1422 1433 1454 tamen
1467 1408 1620 1466 malo,

336 1501 471 1548 quam
496 1481 694 1546 profluat.
730 1484 797 1527 Eo
829 1494 973 1528 autem
1005 1481 1143 1543 magis
1169 1493 1210 1527 te
1239 1481 1439 1527 deterreo
1465 1481 1518 1526 ab
1537 1480 1620 1530 isto

337 1558 522 1614 morbo,
552 1558 675 1620 quod
702 1573 792 1603 non
813 1555 954 1619 potest
976 1555 1055 1602 tibi
1075 1555 1153 1601 ista
1179 1566 1248 1608 ties
1270 1555 1525 1617 contingere
1546 1554 1622 1601 ali-

335 1644 432 1689 ter,
469 1648 599 1694 quam
635 1631 665 1676 fi
696 1643 737 1677 te
771 1631 936 1693 pudere
969 1629 1152 1677 desierit.
1184 1627 1394 1691 perfrices
1427 1628 1619 1676 frontem

336 1715 543 1766 oportet,
563 1715 606 1749 et
626 1702 715 1766 ipse
733 1718 775 1749 te
800 1718 889 1748 non
919 1701 1080 1750 audias.
1123 1701 1261 1747 Multa
1286 1701 1402 1747 enim
1424 1700 1621 1747 inobser-

337 1791 462 1839 vatus
480 1775 549 1825 ille>
569 1775 713 1824 cursus
739 1774 868 1831 feret,
892 1792 1003 1838 quae
1028 1776 1344 1839 reprehendere
1365 1774 1486 1821 velis.
1515 1775 1621 1826 Non

335 1849 477 1913 potest
492 1882 506 1905 ‚
534 1849 734 1912 inquam,
752 1842 832 1896 tibi
852 1849 1109 1913 contingere
1135 1865 1204 1894 res
1222 1847 1296 1895 ista
1313 1883 1326 1904 ,
1348 1847 1463 1893 salva
1491 1864 1620 1894 vere-

332 1922 506 1970 cundia.
543 1925 768 1972 Rraeterea
789 1921 1100 1969 exercitatione
1121 1937 1235 1983 opus
1262 1920 1322 1967 est
1350 1920 1620 1983 quotidiana,

335 2007 379 2044 et
397 2013 420 2042 a
446 1997 574 2042 rebus
593 1994 781 2045 studium
802 1993 1149 2041 transferendum
1168 1993 1230 2039 est
1247 1993 1301 2040 ad
1330 1994 1479 2038 verba.
1499 1993 1620 2042 Haec

333 2081 483 2117 autem
507 2069 639 2118 etiam
661 2068 690 2113 fi
714 2068 919 2124 aderunt,
941 2079 983 2113 et
1007 2078 1217 2129 poterunt
1243 2066 1328 2110 fine
1348 2065 1438 2111 ullo
1459 2079 1538 2110 tuo
1558 2064 1621 2110 la·-

334 2141 446 2190 bore
466 2142 721 2198 decurre-re,
744 2154 890 2188 tamen
911 2139 1191 2201 temperanda
1216 2139 1323 2186 sunt.
1342 2155 1438 2184 nam
1467 2154 1619 2200 qnem-

335 2215 578 2262 admodum
613 2213 793 2278 sapienti
826 2214 928 2263 viro
957 2211 1413 2270 incessus-modestior
1446 2226 1618 2256 conve-

336 2288 426 2344 nit3
451 2288 509 2335 ita
536 2289 678 2335 oratio
702 2288 868 2351 preffa,
890 2304 980 2333 non
1006 2287 1155 2333 audax.
1180 2288 1358 2332 Summa
1375 2301 1483 2347 ergo
1504 2284 1622 2331 sum-

337 2379 510 2412 marum
539 2363 644 2412 baec
670 2363 751 2412 erit
772 2381 783 2411 x.
806 2362 1101 2430 tardiloquum
1130 2372 1172 2412 te
1199 2359 1284 2409 effe
1310 2359 1460 2410 iubeo,
