1807 3004
533 178 1110 243 Epist-(Mami,
1368 215 1455 259 307

191 300 251 348 sui
271 317 359 347 non
379 300 499 347 noffe
523 301 764 349 mensuram
786 319 797 348 τ
829 320 957 366 quam
986 304 1119 349 multa
1140 302 1247 350 ebrii
1269 305 1424 353 iaciant
1444 343 1459 364 ‚

190 374 346 436 quibus
378 372 508 420 sobrii
539 375 788 422 erubescant
819 392 830 421 z
871 370 975 422 nihil
1007 375 1125 422 aliud
1154 376 1238 423 effe
1267 378 1460 425 ebrieta-

189 461 274 493 tem
293 483 307 504 ‚
336 462 465 510 quam
497 447 786 495 voluntariam
815 446 1035 495 insaniam.
1071 449 1268 495 Extende
1286 450 1329 495 in
1360 451 1460 512 plu-

189 535 255 565 res
271 519 360 564 dies
380 518 502 565 illum
525 519 634 566 ebrii
656 520 850 566 habitum
868 537 878 565 ε
901 519 1115 582 numquid
1139 521 1191 566 de
1209 519 1356 566 furore
1376 521 1459 568 du—

187 591 371 638 bitabis?
400 609 517 639 nunc
545 610 723 656 quoque
753 609 843 638 non
871 592 932 638 est
966 593 1133 650 minor,
1163 593 1235 639 sed
1264 594 1457 642 brevior.

187 665 319 710 Refer
349 664 582 710 Alexandri
610 665 862 712 Macedonis
889 664 1168 727 exemplum,
1193 666 1265 728 qui
1289 666 1458 712 Clitum
1493 673 1498 678 “

185 736 447 783 cariffimum
479 737 557 783 fibi
574 755 622 783 ac
647 736 937 783 fideliffimum
960 737 1073 782 inter
1097 737 1242 798 epulas
1268 737 1460 784 transfo-

185 809 280 856 dit:
302 823 345 855 et
367 811 586 857 intellecto
612 809 837 867 facinore,
864 808 978 855 mori
1012 808 1176 866 voluit,
1212 822 1327 855 certe
1355 826 1456 855 me-

184 881 282 927 ruit.
316 883 464 927 Omne
488 881 645 929 vitium
675 880 856 926 ebrietas
882 894 925 925 et
944 878 1164 935 incendit,
1191 892 1234 926 et
1264 879 1456 943 detegitt

184 953 428 1018 obstantem
473 954 596 1002 malis
635 953 858 1001 conatibus
893 952 1204 1000 verecundiam
1241 967 1460 1002 removet,

184 1026 332 1074 Plures
363 1018 478 1074 enim
508 1029 679 1091 pudore
713 1023 951 1089 peccandi,
985 1043 1118 1090 quarn
1150 1027 1267 1074 bona
1292 1028 1455 1075 volun-

183 1113 270 1145 tate
288 1135 301 1156 ‚
330 1099 560 1160 prohibitis
588 1098 811 1146 abstinent.
846 1099 937 1146 Ubi
962 1098 1149 1161 possedit
1175 1100 1366 1147 animum
1389 1101 1458 1148 ni-

183 1171 268 1217 mia
298 1171 367 1218 vis
387 1171 507 1227 vini,
539 1172 754 1235 quidquid
781 1171 883 1217 mali
909 1171 1092 1229 latebat,
1119 1173 1316 1236 emergit.
1349 1175 1457 1221 Non

182 1244 288 1292 facit
321 1245 503 1292 ebrietas
536 1246 670 1302 vitia,
702 1245 774 1292 sed
802 1245 1028 1308 protrahit.
1060 1258 1166 1292 tunc
1198 1247 1454 1295 libidinosus

121 1332 125 1335 ’
181 1336 237 1365 ne
268 1320 516 1367 cubiculum
553 1321 728 1383 quidem
766 1318 1007 1382 exspectat,
1040 1319 1112 1365 sed
1149 1321 1458 1383 cupiditatibus

181 1392 266 1439 suis
284 1405 495 1455 quantum
514 1393 737 1455 petierint,
756 1393 842 1438 fine
862 1393 1069 1439 dilatione
1088 1394 1299 1456 permittit
1319 1413 1329 1441 ε
1351 1411 1456 1443 tunc

182 1465 430 1529 impudicus
457 1466 661 1512 morbum
683 1465 919 1512 confitetur
944 1482 994 1511 ac
1011 1467 1202 1528 publicat
1220 1484 1230 1514 ε
1251 1479 1354 1514 tunc
1374 1485 1453 1530 pe·-

182 1542 320 1587 tulans
348 1557 437 1586 non
458 1540 680 1603 linguam,
711 1555 801 1584 non
833 1555 1009 1584 manum
1038 1538 1245 1586 continet.
1285 1541 1454 1589 Crescit

181 1614 381 1661 insolenti
415 1613 611 1677 superbia
629 1649 643 1671 ‚
676 1612 909 1659 crudelitas
939 1611 1106 1668 saevo,
1133 1613 1375 1677 malignitas
1404 1615 1459 1662 li··'

181 1688 290 1735 vido
312 1703 477 1733 :omne
504 1686 661 1734 vitium
702 1686 871 1731 laxatur
895 1696 938 1731 et
969 1684 1133 1746 prodit.
1162 1686 1311 1733 Adiice
1338 1687 1455 1734 illam

180 1760 505 1823 ignorationem
539 1759 600 1806 sui
620 1795 632 1814 ‚
668 1760 798 1806 d-„zbia
829 1771 872 1805 et
906 1775 1059 1821 parum
1090 1760 1317 1821 explanata
1352 1779 1456 1808 ver-

136 1832 140 1833 ’
181 1833 259 1890 ba,
288 1832 479 1878 incertos
506 1832 660 1887 oculos
678 1868 690 1887 ‚
717 1831 897 1895 gradum
926 1842 1166 1889 errantem,
1192 1832 1453 1896 vertiginem

182 1903 332 1966 capitis
349 1935 363 1958 ‚
385 1904 496 1950 meta
516 1904 604 1966 ipsa
631 1903 809 1949 mobilia
823 1937 837 1960 ‚
859 1901 981 1948 velut
1002 1903 1153 1966 aliquo
1172 1904 1347 1954 turbine
1372 1907 1457 1955 cir-2

183 1989 440 2038 cumagente
464 1988 601 2022 totam
626 1976 810 2022 domum
832 1992 842 2022 :
862 1974 1073 2024 stomachi
1092 1989 1334 2037 tormenta,
1354 1998 1457 2028 cum

183 2047 424 2094 effervescit
450 2064 650 2104 merum,
681 2064 731 2094 ac
764 2047 930 2094 viscera
960 2045 1050 2110 ipsa
1080 2049 1296 2098 distendit.
1330 2051 1459 2102 Tunc

181 2135 326 2167 tamen
351 2135 576 2184 utcunque
600 2121 826 2168 tolera-bile
853 2121 938 2179 est,
969 2123 1076 2168 dum
1107 2123 1168 2170 illi
1189 2126 1255 2173 vis
1277 2125 1350 2173 sua
1369 2128 1431 2175 est
1446 2147 1460 2176 ε

181 2193 287 2254 quid
310 2211 409 2241 cum
429 2194 586 2241 somno
613 2193 813 2251 vitiatur,
834 2210 877 2242 et
897 2211 1009 2257 quae
1026 2195 1210 2245 ebrietas
1234 2193 1459 2257 ftiit‚cru-

183 2265 291 2312 ditas
317 2265 425 2313 facta
448 2266 537 2314 est?
566 2267 726 2330 Cogita
757 2283 862 2329 quas
898 2267 1038 2314 clades
1069 2269 1253 2318 ediderit
1285 2273 1459 2334 publica

180 2337 378 2385 ebrietas.
422 2341 542 2386 Haec
573 2338 803 2386 acerrimas
826 2353 973 2402 gentes
1000 2340 1342 2407 bellicosasque,
1376 2348 1460 2394 hoa

178 2410 312 2457 stibus
344 2412 552 2460 tradidit:
584 2413 694 2459 haec
732 2413 970 2459 multorum
1000 2430 1214 2462 annorum
1246 2421 1457 2480 pertinaci

179 2482 297 2531 bello
325 2484 497 2534 defensa
531 2485 704 2533 moenia
734 2484 972 2549 patefecit:
1000 2487 1106 2535 haec
1136 2493 1459 2541 Contumaciffi-

1123 2562 1163 2605 V
1203 2578 1227 2607 2
