1807 3004
487 195 1063 243 EPISTOLAE.
1322 218 1406 261 30¹

142 302 220 348 dus
238 301 296 349 est
312 337 327 359 ‚
344 312 386 347 et
406 300 448 346 in
468 301 630 346 minuta
650 318 697 348 ac
717 302 882 363 spinosa
904 297 1293 365 cogendusqquam
1315 324 1413 354 cum

142 376 306 438 aliquid
326 374 485 438 grande
512 374 807 438 componitur.
835 376 939 419 Non
971 376 1192 430 trecentis,
1224 379 1293 424 sed
1313 396 1414 425 om-

142 451 268 496 nibus
295 448 546 495 mortalibus
578 447 730 494 mortis
762 448 897 493 timor
930 448 1094 494 detrahi
1130 451 1268 497 debet.
1301 469 1416 514 quo-

141 523 279 569 modo
298 522 394 568 illos
420 521 599 568 docebis
619 522 778 567 malum
799 536 889 566 non
907 521 1025 567 effe?
1043 519 1283 584 'quomodo
1310 526 1414 588 opi-

142 597 295 642 niones
311 596 446 643 totius
461 597 578 652 aevi,
600 597 755 658 quibus
771 595 968 658 protinus
990 595 1166 643 infantia
1187 598 1411 659 imbuitur,

141 670 354 717 evinces?
384 671 506 733 quod
533 671 737 717 auxilium
761 669 990 716 invenies?
1029 671 1148 729 Quid
1180 672 1295 719 dices
1325 674 1414 720 im·-

140 743 359 791 becillitati
389 744 630 791 humanae?
665 743 772 806 quid
805 743 920 790 dices
947 760 1040 806 quo
1072 743 1327 793 inflammati
1367 750 1413 796 in

141 817 283 862 media
307 817 494 879 pericula
523 818 722 864 irruant?
755 834 839 879 qua
860 817 1059 863 oratione
1087 818 1203 866 hunc
1234 821 1418 869 timendi

142 889 422 948 consensum,
455 891 610 954 quibus
639 890 799 954 ingenii
829 889 996 939 viribus
1025 891 1229 938 obnixam
1262 910 1416 942 contra

140 974 183 1008 te
205 963 522 1024 persuasionem
541 964 716 1009 humani
736 964 903 1026 generis
925 964 1128 1010 avertes?
1147 965 1283 1012 verba
1305 969 1414 1014 mibi

142 1034 329 1094 captiosa
342 1034 596 1095 componis,
613 1047 655 1080 et
674 1035 1109 1096 interrogatiunculas
1125 1037 1270 1083 neffls.
1289 1041 1413 1101 Mag-

140 1106 205 1152 nis
233 1106 326 1152 telis
350 1123 504 1169 magna
528 1119 729 1169 portenta
758 1106 983 1153 feriuntur.
1017 1108 1268 1171 Serpentem
1299 1111 1414 1159 illam

139 1177 184 1224 in
215 1179 361 1226 Africa
382 1180 581 1238 saevam,
613 1195 656 1226 et
687 1180 896 1230 Romanis
926 1181 1168 1243 legionibus
1188 1184 1301 1229 bello
1321 1185 1416 1248 ipso

140 1253 445 1299 terribiliorem
461 1289 474 1309 ,
501 1253 656 1300 frustra
673 1254 829 1317 sagittis
849 1253 1075 1317 fundisque
1095 1256 1322 1317 petierunt.
1347 1260 1416 1306 Ne

144 1326 323 1388 Python
335 1327 513 1389 quidem
527 1325 804 1373 vulnerabilis
813 1337 918 1376 erat,
935 1343 1032 1371 cum
1048 1327 1198 1390 ingens
1212 1330 1418 1392 magnitud

141 1400 199 1445 do
222 1415 303 1461 pro
323 1399 520 1446 vastitate
540 1399 740 1461 corporis
754 1399 888 1455 solida
902 1432 915 1454 ‚
937 1401 1122 1458 ferrum,
1141 1415 1183 1447 et
1201 1404 1417 1465 quidquid

140 1472 353 1518 humanae
384 1473 595 1519 torserant
620 1489 796 1529 manus,
828 1473 1037 1519 reiiceret.
1072 1474 1307 1522 molaribus
1339 1477 1416 1524 de-

142 1562 262 1590 mum
299 1544 433 1590 fraleta
463 1544 568 1590 saxis
597 1545 668 1591 est.
706 1548 758 1591 Et
791 1546 993 1593 adversus
1032 1561 1218 1594 mortem
1249 1563 1294 1594 tu
1325 1562 1414 1594 tam

143 1616 308 1661 minuta
334 1616 557 1662 iacularis?
581 1615 725 1661 subula
747 1616 917 1662 leonem
936 1616 1127 1678 excipis?
1164 1624 1301 1666 Acuta
1322 1620 1417 1666 sunt

142 1687 217 1732 ista
243 1705 351 1747 quae
377 1688 497 1734 dicis.
518 1689 637 1733 Nihil
658 1687 717 1733 est
739 1689 904 1735 acutius
931 1690 1066 1736 arista.
1087 1693 1299 1754 quaedam
1317 1692 1418 1739 inue

143 1761 231 1808 tilia
256 1775 300 1809 et
319 1761 555 1809 inefficacia
578 1761 667 1824 ipsa
695 1761 898 1809 subtilitas
921 1764 1076 1810 reddit.
