1807 3004
541 191 1116 238 Epls'fOLAE.
1379 211 1461 258 ως

193 297 275 344 mis
303 297 512 354 vocibus,
538 309 580 344 et
604 297 820 344 memoria
858 297 977 344 stare.
1015 297 1103 344 Sibi
1131 297 1215 343 iam
1246 297 1470 349 inuitatur.

191 372 307 417 dicat
332 370 434 426 ista,
458 386 547 416 non
568 362 724 417 teneat.
755 373 906 434 Turpe
930 371 990 418 est
1009 372 1123 418 enim
1146 371 1254 427 seni,
1276 384 1345 417 aut
1373 390 1471 432 pro·

190 443 389 506 spicienti
418 442 679 493 seneGutem
697 480 710 500 ‚
741 461 793 490 ex
824 444 1143 490 commentario
1171 443 1330 507 sapere.
1369 445 1470 492 Hoc

189 519 314 575 Zeno·
340 515 459 563 dixit.
479 529 527 563 tu
555 516 693 580 quid?
728 519 828 564 Hoc
847 517 1091 565 Cleanthes.
1116 532 1163 564 tu
1184 517 1289 581 quid
1310 517 1327 562 ?
1356 534 1472 580 quo-

188 590 321 652 usque
342 590 416 635 sub
434 590 520 636 alio
541 591 762 637 moveris?
780 604 821 638 et
844 592 1032 652 impera,
1051 605 1094 637 et
1115 592 1186 638 dic
1201 627 1212 645 ,
1231 591 1352 652 quod,
1374 608 1471 637 me·-

188 661 356 708 moriae
382 663 574 709 tradatur
600 681 610 709 :
638 664 801 726 aliquid
827 678 869 709 et
899 664 951 710 de
981 677 1060 709 tuo
1092 663 1257 725 profer.
1300 666 1470 711 Omnes

187 734 335 797 itaque
364 734 469 781 istos
498 752 721 798 nunquam
745 738 962 791 autiores,
989 736 1158 798 semper
1182 735 1437 797 interpretes
1453 772 1468 794 ‚

148 800 150 803 ⁸
187 805 267 852 sub
293 806 431 853 aliena
457 807 611 853 umbra
636 808 836 865 latentes,
875 807 983 854 nihil
1007 821 1119 869 puto
1154 807 1312 854 habere
1340 824 1471 870 gene-

185 876 275 923 rofi
294 914 307 936 ‚
340 896 563 942 nunquam
600 880 726 926 ausos
756 880 992 944 aliquando
1019 878 1195 936 facere,
1233 880 1356 942 quod
1395 879 1472 925 diu

186 949 441 998 didicerant,
471 953 737 998 Memoriam
760 952 805 998 in
831 952 979 999 alienis
1010 962 1311 998 exercuerunt.
1339 950 1470 997 Aliud

183 1024 272 1082 est,
310 1025 548 1072 meminisse
579 1043 589 1070 ε
622 1025 764 1082 aliud,
808 1024 927 1070 scire.
970 1024 1248 1076 Meminisse,
1281 1023 1342 1070 est
1373 1040 1467 1070 rem

183 1097 458 1144 commiffam
488 1098 728 1143 memoriae
767 1096 985 1145 custodire
1013 1113 1024 1142 :
1060 1109 1103 1142 at
1140 1108 1292 1142 contra
1325 1093 1467 1151 scire⁹

183 1168 246 1232 est
275 1180 319 1215 et
354 1169 426 1216 sua
454 1169 600 1217 facere
636 1188 833 1234 quaeque
854 1207 867 1229 ,
902 1188 983 1217 nec
1007 1171 1061 1216 ab
1087 1170 1325 1232 exemplari
1357 1187 1469 1230 pen-

183 1241 311 1299 dere,
333 1254 376 1289 et
394 1243 522 1288 toties
544 1243 597 1288 ad
615 1243 864 1306 magistrum
889 1242 1116 1304 respicere.
1141 1244 1241 1289 Hoc
1262 1242 1365 1288 dicit
1385 1243 1468 1288 Zea

181 1332 270 1370 no,
298 1316 386 1362 hoc
414 1316 660 1363 Cleanthes.
699 1316 883 1379 Aliquid
912 1315 1076 1362 interfit
1103 1315 1215 1362 inter
1244 1327 1313 1370 te,
1342 1327 1385 1362 et
1411 1315 1468 1361 li-

179 1389 322 1436 brum.
348 1389 574 1452 quousque
592 1389 759 1436 disces?
790 1389 876 1435 iam
894 1425 906 1445 ,
926 1400 967 1435 et
987 1389 1202 1452 praecipe.
1238 1390 1363 1449 Quid
1381 1390 1441 1437 est
1453 1426 1468 1448 ‚

180 1478 315 1525 quare
348 1461 543 1518 audiam,
572 1461 694 1524 quod
721 1462 862 1525 legere
893 1463 1098 1525 poffum?
1148 1462 1365 1519 Multum,
1393 1463 1462 1509 in&

179 1535 301 1599 quit,
328 1536 434 1584 viva
464 1552 556 1583 vox
584 1535 699 1584 facit.
726 1552 815 1583 non
845 1537 1021 1600 quidem
1056 1538 1188 1593 baec,
1216 1554 1325 1600 quae
1356 1537 1464 1585 aliea

179 1608 246 1654 nis
277 1609 422 1656 verbis
456 1609 799 1666 commodatur,
832 1623 875 1656 et
908 1609 1088 1655 assuarii
1124 1608 1221 1656 vice
1256 1609 1465 1673 fungitur..

178 1683 333 1730 Adiice
351 1700 487 1737 nunc,
515 1682 637 1746 quod
659 1681 724 1728 isti
750 1682 824 1745 qui
855 1699 1077 1746 nunquam
1098 1682 1257 1731 tutelae
1281 1682 1376 1729 suae
1409 1683 1465 1729 fi-

177 1768 283 1814 unt,
302 1755 493 1818 primum
520 1755 566 1801 in
591 1770 641 1801 ea
661 1770 708 1800 re
736 1754 973 1816 sequuntur
994 1756 1164 1817 priores
1179 1790 1192 1812 ,
1212 1755 1258 1800 in
1278 1771 1363 1817 qua
1382 1772 1460 1802 ne-

178 1845 256 1875 mo
280 1846 371 1875 non
394 1846 418 1875 a
443 1828 590 1892 priore
619 1828 833 1874 descivit:
864 1828 1022 1875 deinde
1046 1828 1090 1875 in
1115 1844 1166 1874 ea
1193 1844 1240 1874 re
1269 1828 1460 1890 sequun-

176 1913 274 1957 tur,
305 1918 415 1963 quae
445 1900 584 1966 adhuc
612 1900 845 1963 quaeritur.
882 1902 1122 1964 Nunquam
1152 1910 1300 1945 autem
1326 1900 1458 1947 inve-

177 1972 321 2018 nietur
338 2007 352 2030 ‚
387 1971 417 2018 fi
443 1972 638 2020 contenti
666 1971 879 2019 fuerimus
901 1971 1104 2020 inventis.
1130 1972 1354 2019 Praeterea
1379 1971 1459 2036 qui

178 2047 307 2092 alium
346 2045 574 2109 sequitur,
608 2045 715 2092 nihil
750 2045 951 2103 invenit,
984 2045 1126 2092 immo
1163 2061 1244 2092 nec
1275 2045 1457 2109 quaerit.

107 2120 113 2124 ’
176 2119 301 2180 Quid
320 2120 457 2182 ergo?
477 2135 569 2166 non
587 2118 663 2165 ibo
679 2136 758 2181 per
784 2121 984 2182 priorum
1006 2118 1214 2183 vestigia?
1233 2136 1316 2183 ego
1340 2135 1455 2167 vero

177 2204 272 2239 utar
300 2192 373 2239 via
402 2193 538 2239 veteri
562 2191 666 2238 :sed
687 2192 717 2238 fi
746 2194 1004 2256 propiorem
1032 2193 1365 2256 planioremque
1384 2192 1457 2238 in-

175 2282 346 2314 venero
361 2301 373 2321 ‚
391 2266 502 2314 hanc
526 2266 734 2312 muniam.
761 2267 857 2327 Qui
882 2280 982 2314 ante
1002 2283 1082 2313 nos
1104 2265 1178 2311 ista
1202 2279 1455 2320 moverunt,

175 2356 268 2385 non
296 2339 466 2385 domini
497 2339 654 2392 nostri.
693 2338 764 2386 sed
791 2340 920 2387 duces
953 2339 1059 2387 sunt.
1100 2341 1220 2385 Patet
1248 2337 1455 2384 omnibus

175 2411 361 2468 veritas,
383 2413 578 2461 nondum
598 2411 659 2460 est
674 2427 888 2477 occupata
911 2432 921 2460 t
945 2413 1131 2462 multum
1149 2428 1205 2461 ex
1229 2410 1299 2458 illa
1319 2410 1452 2458 etiarn

176 2481 334 2534 suturis
356 2485 552 2535 relietum
569 2486 646 2537 est.
