1807 3004
556 208 1135 255 EPISTOLAE.
1403 225 1495 272 279

207 316 377 380 optime
401 315 491 363 scio
513 314 796 378 :Charybdis
817 332 870 361 an
898 314 1158 377 respondeat
1178 313 1337 362 fabulis
1353 351 1365 373 ,
1395 333 1496 378 per-

206 389 337 436 scribi
365 386 473 434 mihi
493 385 707 433 desidero.
739 390 791 434 Et
820 385 849 431 fi
882 385 999 433 forte
1030 386 1336 436 observaveris
1361 386 1496 452 (dig-

206 480 311 509 num
346 461 406 508 est
442 475 587 507 autem
608 497 622 518 ,
657 476 705 508 ut
737 461 982 522 observes)
1022 459 1094 507 fac
1129 477 1210 508 nos
1246 461 1497 518 certiores,

204 551 348 583 utrum
382 552 475 582 uno
516 549 683 581 tantum
725 547 862 581 vento
899 547 1049 598 agatur
1082 533 1127 580 in
1164 535 1356 581 vortices
1379 570 1392 592 ,
1436 552 1492 582 an

204 611 349 656 omnis
365 607 591 669 tempestas
616 623 751 669 aeque
772 624 891 653 mare
909 608 1011 654 illud
1033 618 1323 669 contorqueat
1342 625 1352 653 ε
1375 619 1418 653 et
1437 624 1493 653 an

205 698 357 728 verum
384 680 433 725 fit
449 716 461 735 ‚
488 680 703 743 quidquid
725 681 801 726 illo
831 680 930 728 freti
964 680 1136 727 turbine
1157 696 1376 743 arreptum
1397 682 1457 728 est
1475 713 1491 736 ‚

204 770 281 815 per
301 754 434 798 multa
454 753 588 798 millia
616 752 723 798 trahi
750 753 1005 810 conditum,
1034 767 1077 800 et
1106 753 1218 798 circa
1240 755 1494 799 Taurome-

205 827 400 872 nitanum
429 826 527 872 litus
555 842 791 888 emergere.
813 826 854 871 Si
886 826 990 872 haec
1024 826 1128 871 mihi
1161 825 1460 888 perscripseris
1478 862 1499 884 ,

204 914 308 947 tunc
340 900 419 947 tibi
456 900 630 945 audebo
666 900 902 957 mandare,
937 912 984 946 ut
1019 901 1064 946 in
1096 900 1312 947 honorem
1347 917 1495 948 meum

203 974 390 1019 Aetnam
411 989 591 1035 quoque
617 972 816 1019 ascendas
838 991 847 1018 :
873 990 1006 1036 quam
1027 972 1252 1028 consumi,
1273 988 1316 1020 et
1340 973 1494 1021 sensim

205 1046 441 1100 subsidere,
467 1062 522 1091 ex
539 1043 631 1090 hoc
658 1045 898 1105 colligunt,
931 1046 1062 1107 quod,
1079 1045 1300 1104 aliquanto
1322 1047 1495 1109 longius

203 1117 507 1180 navigantibus
543 1116 709 1163 solebat
745 1117 928 1163 ostendi.
971 1117 1112 1163 Potest
1145 1117 1232 1164 hoc
1258 1119 1458 1166 accidere
1479 1154 1495 1176 ,

202 1207 294 1237 non
314 1190 416 1254 quia
443 1190 606 1236 montis
629 1189 812 1235 altitudo
842 1188 1032 1246 desedit,
1054 1189 1124 1235 sed
1145 1192 1246 1246 cruia
1265 1191 1376 1254 ignis
1392 1208 1496 1239 eva·

201 1263 326 1319 nuit,
356 1274 399 1307 et
426 1263 570 1306 minus
592 1260 832 1305 vehemens
852 1276 902 1305 ac
922 1261 1062 1322 largus
1081 1259 1287 1306 effertur:
1314 1263 1374 1308 ob
1392 1279 1495 1308 ean-

204 1334 304 1380 dem
333 1334 500 1381 causam
515 1369 525 1387 ‚
554 1332 680 1378 fumo
702 1347 882 1393 quoque
904 1348 982 1393 per
1003 1332 1117 1377 diem
1139 1333 1351 1396 segniore.
1372 1328 1497 1380 Neu⁴

201 1420 319 1453 trum
339 1418 482 1452 autem
516 1404 770 1450 incredibile
798 1403 885 1457 est,
918 1420 998 1450 nec
1027 1419 1225 1451 montem
1247 1405 1323 1468 qui
1350 1407 1492 1455 devo-

203 1494 320 1526 retur
348 1480 550 1541 quotid³e
578 1477 743 1534 minui,
784 1495 865 1524 nec
887 1477 1032 1537 ignem
1063 1494 1152 1523 non
1180 1496 1359 1526 manere
1382 1497 1491 1526 eum

204 1552 303 1597 dem
330 1569 340 1597 t
365 1550 439 1613 qui
470 1568 559 1596 non
590 1550 680 1612 ipse
711 1567 764 1596 ex
794 1550 836 1595 se
868 1548 957 1606 est,
989 1550 1060 1595 sed
1090 1551 1299 1614 inaliqua
1321 1551 1491 1600 inferna

182 1626 312 1673 'valle
340 1636 580 1687 conceptus
610 1624 825 1671 exaestuat
844 1659 855 1678 ‚
882 1635 924 1670 et
953 1625 1053 1670 alibi
1086 1627 1270 1686 pascitur
1292 1643 1303 1671 τ
1327 1626 1371 1672 in
1392 1627 1487 1689 ipso

202 1711 356 1745 monte
391 1714 484 1749 non
514 1698 763 1743 alimentum
801 1697 959 1753 habet,
991 1697 1061 1743 secl
1101 1698 1232 1745 viam.
1269 1702 1316 1745 {n
1353 1702 1489 1762 Lycia

200 1771 322 1834 regio
351 1770 569 1817 notiffima
593 1771 674 1822 est,
706 1770 945 1832 Ephestion
966 1769 1137 1818 incolae
1168 1785 1364 1827 vocant,
1386 1791 1491 1835 per-

203 1843 393 1890 foratum
422 1843 618 1905 pluribus
648 1843 756 1890 locis
789 1843 930 1889 solum
952 1875 965 1896 ,
998 1844 1121 1904 quod
1155 1844 1243 1890 fine
1276 1845 1366 1891 ullo
1396 1845 1490 1892 nas-

203 1917 392 1963 centium
420 1916 583 1962 damno
611 1916 724 1977 ignis
750 1915 954 1962 innoxius
980 1915 1146 1962 circuit.
1188 1919 1316 1964 Laeta
1343 1917 1488 1973 itaque

203 1988 326 2051 regio
351 1987 437 2043 est,
467 2004 508 2033 et
534 1988 710 2034 herbida
730 2025 744 2044 ,
775 1989 829 2033 nil
858 1987 1047 2033 flammis
1074 1989 1378 2046 adurentibus,
1414 1991 1487 2038 sed

203 2070 369 2105 tantum
391 2059 436 2106 vi
464 2059 633 2105 remissa
662 2077 711 2106 ac
731 2060 934 2124 languida
959 2059 1286 2123 refulgentibus.
1317 2065 1398 2110 Sed
1425 2081 1488 2111 re-

205 2130 427 2180 servemus
445 2133 544 2190 ista,
578 2149 680 2180 tunc
703 2133 958 2195 quaesituri,
986 2149 1082 2179 cum
1111 2149 1157 2180 tu
1179 2135 1282 2181 mihi
1306 2136 1486 2199 scripse-

204 2203 289 2258 ris,
322 2217 527 2266 quantum
555 2205 609 2251 ab
632 2204 726 2267 ipso
752 2222 830 2252 ore
854 2206 1019 2253 montis
1049 2207 1173 2254 nives
1198 2209 1359 2264 absint,
1379 2227 1487 2273 quas

203 2293 259 2323 ne
289 2276 423 2324 aestas
445 2278 619 2341 quidem
653 2277 785 2324 solvit
806 2295 815 2323 ε
836 2278 947 2324 adeo
969 2290 1084 2324 tutae
1108 2279 1203 2327 sunt
1225 2282 1278 2327 ab
1297 2283 1396 2345 igne
1414 2283 1486 2330 vi-

205 2350 323 2396 cino,
358 2352 464 2397 Non
494 2350 554 2398 est
588 2363 730 2397 autem
750 2387 766 2408 ,
811 2352 932 2414 quod
961 2350 1083 2398 istam
1120 2370 1269 2401 curam
1302 2357 1487 2419 imputes

205 2424 312 2469 mihi
337 2442 347 2470 ι
371 2426 533 2471 morbo
561 2425 678 2471 enim
703 2438 783 2472 tuo
803 2426 977 2472 daturus
997 2443 1090 2475 eras
1108 2461 1120 2482 ‚
1151 2430 1277 2476 etiam
1299 2431 1329 2477 fi
1352 2448 1485 2479 nemo

203 2498 428 2545 mandaret
451 2499 566 2555 tibi,
599 2499 742 2548 donec
763 2502 947 2548 Aetnam
969 2503 1182 2553 describas
1211 2505 1256 2551 in
1280 2518 1358 2554 tuo
1388 2522 1484 2554 car·

1161 2580 1253 2639 54
