1797 2956
353 179 445 228 208
591 148 640 228 L.
695 179 987 227 ANNAEI
1035 181 1389 228 SENECAE

348 287 460 336 inter
477 304 613 335 meras
646 289 896 351 voluptates
919 289 1008 346 est,
1035 289 1122 338 hoc
1143 291 1252 337 inter
1282 289 1413 337 tristia
1435 303 1476 338 et
1495 307 1618 338 acer-

347 362 430 418 ba;
466 363 570 407 illud
601 361 800 407 fortunae
821 361 1134 424 indulgentiam
1165 364 1303 420 rexit,
1337 364 1422 410 hoc
1441 364 1618 410 violen—

346 437 449 483 tiam
481 435 684 490 d01nuit3
720 447 951 497 utrumque
984 453 1121 499 aeque
1151 438 1318 484 bonum
1347 437 1435 494 est,
1469 454 1620 500 quam-

347 510 414 557 vis
450 509 553 554 illud
585 508 709 570 plana
734 508 1020 565 emolliverit,
1049 509 1136 557 hoc
1165 511 1321 572 aspera.
1372 511 1490 556 Idem
1521 509 1621 557 finis

344 579 544 627 omnium
568 578 641 625 est.
663 579 779 627 bona
799 579 895 624 sunt
913 614 926 635 ,
950 579 1157 626 laudanda
1181 581 1274 626 sunt
1288 613 1302 636 ‚
1321 581 1525 627 virtutem
1547 598 1618 626 ra-

344 652 599 714 tionemque
621 651 888 698 comitantur
909 667 920 696 :
939 650 1076 698 virtus
1097 663 1248 714 aequat
1271 653 1385 698 inter
1403 654 1466 710 se,
1491 653 1620 716 quid-

343 725 450 789 quid
474 723 680 788 agnoscit.
727 723 822 770 Nec
852 723 913 769 est
943 724 1064 785 quod
1098 725 1185 769 hoc
1210 724 1320 770 inter
1351 725 1494 771 nostra
1524 726 1618 788 pla-

341 798 431 845 cita
465 796 649 843 mireris.
697 797 811 859 apud
847 798 1084 859 Epicurum
1119 797 1209 843 duo
1244 798 1360 843 bona
1395 799 1524 856 sunt,
1560 817 1617 846 ex

343 869 501 933 quibus
527 870 744 916 summum
783 869 890 915 illud
923 870 1183 932 beatumque
1214 870 1497 931 componitur
1533 889 1544 917 :
1571 885 1619 918 ut

342 959 506 1004 corpus
540 942 627 988 fine
659 942 816 989 dolore
847 941 921 999 fit,
959 942 1124 988 animus
1155 941 1240 988 fine
1279 944 1617 1004 perturbatione.

343 1017 464 1063 Haec
495 1017 612 1062 bona
647 1032 738 1062 non
771 1016 996 1070 crescunt,
1021 1015 1052 1061 fi
1078 1015 1204 1077 plena
1235 1015 1345 1061 sunt.
1375 1032 1466 1078 quo
1500 1015 1615 1062 enim

342 1089 531 1147 crescet,
567 1089 687 1152 quod
716 1088 894 1151 plenum
933 1089 1026 1135 est?
1070 1088 1245 1145 Dolore
1280 1104 1441 1150 corpus
1470 1100 1616 1134 caret:

341 1164 448 1228 quid
473 1165 529 1210 ad
554 1163 664 1209 hanc
683 1163 890 1210 accedere
918 1163 1200 1209 indolentiam
1233 1162 1407 1225 potest?
1437 1162 1620 1209 Animus

345 1236 512 1284 constat
543 1234 641 1292 fibi,
669 1248 712 1280 et
742 1234 935 1296 placidus
960 1234 1020 1279 est
1040 1251 1051 1279 :
1071 1234 1177 1296 quid
1197 1233 1402 1279 accedere
1427 1234 1481 1278 ad
1504 1233 1616 1279 hane

340 1308 694 1373 tranquillitatem
736 1308 922 1371 potest?
979 1309 1367 1368 Quemadmodum
1414 1307 1615 1355 serenitas

342 1383 454 1430 coeli
479 1399 571 1428 non
596 1381 751 1444 recipit
780 1381 994 1427 maiorem
1014 1380 1154 1426 adhuc
1174 1380 1412 1426 claritatem
1430 1415 1443 1438 ‚
1468 1379 1514 1425 in
1532 1381 1616 1425 sm-

337 1455 600 1504 eeriffimum
621 1455 809 1501 nitorem
833 1466 1059 1517 repurgata
1082 1471 1092 1498 :
1123 1453 1180 1500 fic
1208 1454 1424 1509 hominis,
1453 1469 1616 1516 corpus

339 1530 620 1592 animumque
655 1528 874 1585 curantis,
908 1539 951 1575 et
983 1530 1151 1574 bonum
1182 1527 1304 1574 suum
1338 1545 1393 1575 ex
1421 1541 1613 1591 utroque

341 1602 579 1658 nefilentis,
607 1600 824 1665 perfeElus
850 1599 910 1648 est
936 1599 1093 1659 status,
1122 1616 1166 1647 et
1191 1600 1402 1647 summam
1431 1600 1528 1646 voti
1551 1601 1614 1647 sui

339 1675 533 1732 invenit,
565 1674 596 1720 fi
630 1691 710 1720 nee
737 1673 877 1720 aestus
910 1673 1061 1719 animo
1091 1672 1183 1731 est,
1224 1688 1306 1720 nec
1345 1674 1474 1720 dolor
1508 1689 1615 1721 cor-

340 1747 455 1811 pori.
483 1747 524 1793 Si
549 1763 634 1810 qua
654 1759 771 1794 extra
802 1745 1093 1791 blandimenta
1112 1746 1404 1808 contingunt,
1426 1761 1517 1792 non
1536 1764 1612 1792 au-

338 1831 441 1884 gent
466 1819 684 1866 summum
720 1818 915 1873 bonum,
944 1817 1045 1874 sed,
1079 1830 1127 1864 ut
1159 1818 1216 1863 ita
1248 1819 1418 1876 dicam,
1451 1820 1611 1866 condi-

338 1908 417 1940 unt
451 1906 495 1940 et
531 1892 749 1939 obleRant
779 1907 790 1937 ε
822 1890 1066 1937 absolutum
1102 1892 1220 1938 enim
1256 1891 1364 1937 illud
1398 1892 1613 1940 humanae

338 1979 515 2013 naturae
539 1965 733 2020 bonum,
764 1963 964 2025 corporis
992 1975 1034 2009 et
1059 1963 1190 2009 animi
1224 1980 1328 2026 pace
1355 1978 1611 2013 contentum

337 2038 412 2087 est.
449 2039 582 2086 Dabo
617 2037 731 2100 apud
779 2037 1017 2099 Epicurum
1055 2035 1136 2082 tibi
1172 2035 1409 2083 etiamnum
1445 2037 1609 2084 similli-

337 2129 453 2159 mam
482 2111 584 2159 huic
617 2111 787 2158 nostrae
822 2110 1082 2157 divisionem
1106 2111 1344 2159 bonorum.
1378 2111 1473 2157 Alia
1492 2111 1611 2160 enim

337 2185 434 2233 sunt
462 2185 578 2249 apud
598 2184 741 2242 illum,
769 2199 879 2247 quae
897 2182 1018 2229 malit
1037 2183 1290 2246 contingere
1310 2182 1386 2230 fibi
1408 2200 1419 2230 ε
1439 2196 1487 2230 ut
1503 2200 1608 2231 cor—

336 2259 462 2324 poris
493 2258 713 2324 quietem,
746 2258 800 2304 ab
835 2257 961 2304 omni
994 2256 1285 2304 incommodo
1322 2257 1610 2315 liberam‚,et

337 2332 470 2379 animi
506 2331 826 2388 remiffionem,
859 2330 1080 2376 bonorum
1121 2330 1300 2376 suorum
1338 2330 1610 2392 contempla-

337 2406 461 2452 tione
487 2404 723 2468 gaudentis.
741 2403 839 2448 Alia
864 2401 986 2458 sunt,
1017 2417 1125 2466 quae
1145 2402 1350 2466 quamvis
1366 2401 1475 2449 nolit
1491 2401 1608 2448 acci-

340 2479 466 2540 dere,
488 2477 770 2528 nihilominus
786 2490 829 2525 et
848 2476 993 2525 laudat
1013 2491 1055 2525 et
1079 2477 1343 2542 comprobat
1363 2493 1375 2524 τ
1402 2489 1607 2540 tanquam
