1807 3004
281 219 370 252 102
520 205 569 251 L.
613 202 907 249 ANNAEI
959 199 1322 246 SENECAE

278 308 501 357 citantium
533 309 656 356 turba
681 309 933 356 circumeat.
973 308 1095 367 Quid
1130 323 1236 370 ergo
1264 305 1356 352 est?
1385 321 1475 351 non
1506 305 1561 351 ti-

280 399 383 429 meo
396 398 448 427 ne
462 382 693 427 immutent
710 380 922 435 te,timeo
936 396 987 424 ne
1005 379 1254 440 impediant.
1276 379 1467 424 Multum
1487 394 1563 423 au-

281 465 370 500 tem
402 468 532 500 nocet
558 452 687 499 etiam
716 452 794 514 qui
825 463 1041 506 moratur,
1070 452 1219 514 utique
1244 451 1289 496 in
1319 463 1435 496 tanta
1465 450 1565 497 bre-

279 527 414 575 vitate
459 527 573 572 virae
601 543 612 571 ε
656 542 789 587 quam
836 525 1087 571 breviorem
1135 524 1421 569 inconstantia
1459 523 1569 569 faci-

275 617 375 647 mus
392 635 404 657 ,
426 599 541 644 aliud
558 598 649 644 eius
667 598 845 643 subinde
864 610 993 659 atque
1015 595 1129 640 aliud
1148 594 1356 641 facientes
1376 595 1564 641 initium.

277 671 543 718 Diducimus
558 670 674 715 illam
695 669 739 714 in
758 668 989 732 particulas
1010 684 1059 713 ac
1073 667 1352 713 lancinamus.
1377 667 1567 728 Propera

275 759 386 806 ergo
403 779 416 800 ,
445 743 580 788 Lucili
599 741 838 799 cariffime,
865 752 908 787 et
928 742 1071 804 cogita
1086 772 1099 796 ‚
1128 754 1338 802 quantum
1357 740 1568 786 celeritati

278 817 500 863 additurus
517 815 680 872 fueris,
708 815 739 859 fi
761 832 785 860 a
804 830 930 877 tergo
951 814 1084 860 hostis
1104 814 1303 868 instaret,
1322 813 1351 857 s1
1373 813 1567 876 equitem

277 892 513 937 adventare
535 888 810 950 suspicareris
823 922 838 943 ‚
859 903 908 932 ac
935 885 1198 949 fugientium
1217 898 1415 947 premere
1434 882 1568 928 vesti-

275 965 363 1026 gia.
398 964 462 1010 Fit
481 962 590 1016 hoc,
611 959 849 1023 premeris:
869 959 1059 1005 accelera
1074 994 1087 1018 ‚
1106 973 1149 1005 et
1169 958 1321 1005 evade.
1343 957 1507 1019 perduc
1525 970 1568 1001 te

277 1036 325 1082 in
347 1048 490 1082 tutum
507 1071 520 1092 ‚
541 1047 583 1080 et
602 1033 781 1081 subinde
801 1033 1029 1079 considera
1048 1068 1060 1088 ,
1080 1050 1210 1095 quam
1231 1031 1411 1095 pulchra
1430 1046 1500 1076 res
1518 1028 1569 1075 fit

276 1109 580 1158 consummare
611 1107 749 1154 vitam
779 1118 876 1154 ante
901 1120 1117 1163 mortem,
1155 1107 1314 1152 deinde
1344 1105 1568 1167 exspecta-

276 1199 325 1228 re
351 1183 547 1228 securum
576 1180 790 1242 reliquam
813 1179 1024 1240 temporis
1056 1179 1117 1225 sui
1147 1190 1316 1239 partem
1347 1211 1360 1233 ‚
1393 1176 1438 1220 in
1468 1174 1570 1236 pos-'-

278 1254 460 1301 seffione
484 1254 634 1300 beatae
661 1253 777 1298 vitae
803 1251 993 1313 positum
1017 1273 1025 1295 :
1050 1268 1160 1314 quae
1183 1251 1353 1298 beatior
1378 1267 1467 1296 non
1490 1249 1569 1307 fit,

278 1327 312 1373 st
329 1326 518 1389 longior.
547 1327 593 1371 O
612 1324 790 1387 quando
810 1323 983 1370 videbis
1003 1324 1107 1370 illud
1130 1338 1304 1385 tempus
1318 1359 1332 1380 ,
1353 1340 1445 1385 quo
1463 1323 1570 1369 scies

265 1410 453 1461 ‚tempus
482 1396 537 1442 ad
564 1408 606 1442 te
632 1412 723 1441 non
748 1396 967 1457 pertinere
986 1431 1000 1454 ,
1029 1413 1120 1458 quo
1148 1396 1410 1458 tranquillus
1431 1396 1571 1457 placi-

279 1472 447 1534 dusque
472 1469 557 1516 eris
576 1505 590 1525 ‚
613 1479 656 1515 et
687 1467 871 1515 crastini
888 1468 1111 1531 negligens
1129 1503 1142 1526 ‚
1173 1480 1216 1515 et
1246 1469 1291 1514 in
1320 1469 1483 1515 summa
1504 1469 1569 1517 tui

280 1542 503 1591 satietate!
543 1543 626 1590 Vis
658 1541 793 1597 scire,
830 1542 935 1604 quid
964 1541 1013 1586 fit
1050 1542 1172 1604 quod
1209 1541 1337 1588 faciat
1369 1541 1572 1589 homines

281 1617 438 1663 avidos
455 1615 621 1663 futuri?
643 1615 793 1661 Nemo
810 1614 886 1659 sibi
904 1614 1105 1676 contigit.
1127 1615 1408 1676 Optaverunt
1420 1614 1572 1677 utique

283 1688 364 1734 tibi
392 1687 472 1735 alia
492 1701 693 1751 parentes
719 1686 813 1733 tui:
841 1686 911 1732 sed
940 1702 1023 1748 ego
1052 1685 1133 1731 tibi
1158 1699 1311 1733 contra
1327 1721 1340 1744 ‚
1366 1685 1570 1731 omnium

289 1778 447 1809 eorum
479 1772 753 1807 contemtum
786 1771 925 1821 opto,
956 1773 1150 1820 quorum
1175 1756 1237 1802 illi
1260 1756 1448 1819 copiam.
1468 1759 1571 1803 Vo-

292 1846 333 1880 ta
352 1833 527 1880 illorum
550 1832 712 1879 multos
733 1831 986 1894 compilant,
1004 1846 1052 1877 ut
1073 1843 1115 1876 te
1137 1823 1420 1892 locupletent.
1442 1829 1575 1892 quid-

293 1906 401 1970 quid
428 1906 482 1951 ad
509 1917 553 1951 te
578 1904 840 1951 transferunt
855 1939 868 1962 ,
887 1903 1016 1949 alicui
1037 1904 1348 1949 detrahendum
1378 1902 1451 1949 est.
1470 1904 1574 1965 Op·-

291 1995 342 2027 to
360 1979 439 2025 tibi
457 1979 521 2025 tui
549 1978 800 2024 facultatem
818 2012 832 2032 ‚
859 1992 905 2023 ut
931 1976 1055 2038 vagis
1086 1975 1423 2039 cogitationibus
1443 1975 1576 2038 agita-

291 2067 335 2101 ta
359 2069 511 2110 mens,
542 2052 720 2097 tandem
752 2049 912 2096 refistat
928 2086 942 2108 ‚
971 2057 1012 2095 et
1037 2061 1154 2096 certa
1175 2048 1224 2094 stt
1244 2069 1251 2093 :
1276 2061 1322 2095 ut
1339 2047 1501 2109 placeat
1519 2046 1576 2092 si-

291 2127 368 2182 bi,
396 2138 439 2173 et
466 2125 690 2172 intellectis
722 2123 837 2171 veris
866 2122 994 2168 bonis
1013 2157 1026 2178 ,
1060 2138 1171 2185 quae
1205 2120 1327 2168 fimul
1357 2121 1573 2168 intellecta

292 2202 418 2258 funt,
448 2199 744 2264 possidentur,
771 2197 918 2244 aetatis
948 2196 1191 2243 adiectione
1217 2211 1306 2241 non
1334 2208 1478 2259 egeat.-
1501 2194 1578 2241 Ille-

292 2277 471 2322 demum
504 2272 774 2320 neceffitates
812 2268 1100 2334 supergressus
1131 2267 1218 2328 est,
1250 2283 1295 2316 et
1317 2268 1576 2322 exauctorat*

295 2359 364 2398 tus
391 2363 441 2395 ac
460 2345 566 2393 liber
583 2379 598 2406 ,
617 2343 694 2408 qui
714 2344 830 2394 vivit
852 2343 944 2394 vita
964 2341 1153 2407 peracta.
