1807 3004
473 158 1053 271 EpisToLAss.
1160 195 1162 198 ·
1279 194 1397 276 ⁸363

132 306 322 354 induitur
346 324 396 353 ac
426 305 615 352 murium
636 340 649 362 ‚
669 320 780 368 quae
799 300 912 350 taClu
937 301 1087 348 mollia
1102 336 1116 355 ‚
1141 311 1184 347 et
1207 300 1407 362 impene-

130 382 295 428 trabilia
323 379 461 425 ventis
491 377 617 423 sunt?
652 379 778 439 Opus
810 374 870 421 est
901 389 1047 419 tamen
1078 371 1269 419 calorem
1308 372 1408 417 solis

132 451 282 496 aestivi
314 449 467 494 umbra
497 447 697 493 c‘raffiore
729 445 984 508 propellere.
1019 444 1140 503 Quid
1164 442 1295 505 ergo?
1317 440 1411 488 non

130 521 317 569 vetustas
345 521 478 566 multa
508 518 674 566 abdidit
708 520 805 565 loca
820 543 837 575 ‚⁴
865 534 975 581 quae
1005 517 1075 563 vel
1111 515 1269 562 iniuria
1296 527 1407 560 tem-

131 593 276 654 poris,
296 593 367 640 vel
386 592 471 638 alio
500 593 696 655 quolibet
724 590 823 637 casu
849 605 1054 637 excavaza
1075 589 1117 634 in
1145 590 1316 651 specum
1338 604 1409 633 re-

130 667 340 713 cesserunt
359 667 375 712 ?
397 667 520 727 Quid
550 682 656 729 ergo
675 666 691 711 ?
726 681 814 709 non
839 663 1080 727 quamlibet
1102 664 1291 726 virgeam
1314 677 1410 708 cra-

104 768 107 776 2
127 752 214 786 tem
235 753 463 788 texuerunt
482 758 643 795 manu,
669 756 712 786 et
728 740 804 786 vili
825 739 1086 786 obleverunt
1105 738 1197 784 luto
1212 770 1225 791 ‚
1248 736 1406 782 deinde

132 812 281 875 stipula
318 815 490 877 aliisque
536 812 796 859 filvestribus
829 828 1044 874 operuere
1079 811 1323 874 fastigium,
1365 823 1410 854 et

127 886 285 947 pluviis
311 905 387 949 per
421 888 586 933 devexa
611 886 850 931 labentibus
885 885 1072 930 hiemem
1108 884 1310 930 transiere
1340 882 1406 928 se-

128 958 255 1005 curi?
283 960 406 1018 Quid
423 963 553 1021 ergo?
576 976 664 1003 non
683 958 728 1003 in
746 957 918 1004 defoffo
938 958 1067 1003 latent
1087 956 1282 1019 Syrticae
1299 971 1408 1017 gen-

127 1032 222 1078 tes?
259 1032 415 1095 quibus
454 1046 636 1094 propter
668 1031 828 1075 nimios
862 1030 960 1075 solis
994 1030 1205 1084 ardores,
1243 1027 1406 1073 nullum

127 1118 423 1166 tegumentum
446 1105 542 1150 satis
575 1103 830 1165 repellendis
863 1101 1079 1150 caloribus
1100 1101 1284 1149 solidum
1317 1099 1408 1156 est,

126 1175 202 1222 nisi
232 1177 321 1239 ipsa
350 1194 473 1224 arens
502 1177 674 1222 humus.
704 1177 809 1221 Non
830 1175 912 1221 fuit
932 1187 1017 1220 tam
1036 1174 1214 1220 inimica
1234 1187 1411 1229 natura,

127 1262 175 1294 ut
197 1265 296 1297 cum
319 1249 525 1295 omnibus
547 1249 640 1296 aliis
668 1248 921 1294 animalibus
943 1247 1109 1294 facilem
1130 1247 1270 1292 achim
1291 1247 1409 1293 vitae

126 1321 248 1366 daret
267 1356 280 1375 ,
305 1321 444 1366 homo
467 1320 579 1366 solus
611 1338 702 1366 non
729 1320 866 1383 posset
889 1320 974 1365 fine
999 1332 1064 1366 tot
1089 1320 1250 1365 artibus
1280 1319 1409 1365 vive·-

125 1411 187 1439 re.
213 1394 332 1441 Nihil
356 1394 518 1440 horum
543 1395 597 1440 ab
626 1394 695 1442 illa
731 1395 858 1441 nobis
889 1395 1148 1456 imperatum
1175 1392 1236 1438 est
1253 1428 1266 1449 ‚
1301 1391 1409 1438 nihil

125 1484 253 1529 aegre
276 1469 572 1530 quaerendum
589 1501 603 1523 ‚
625 1483 673 1514 ut
698 1469 825 1531 poffit
843 1469 932 1515 vita
955 1467 1154 1529 produci.
1177 1469 1243 1513 Ad
1264 1478 1408 1528 parata

125 1542 214 1587 nati
234 1541 411 1588 sumus:
446 1559 527 1589 nos
555 1542 704 1588 omnia
737 1542 863 1588 nobis
894 1542 1085 1589 difficiiia
1118 1541 1312 1588 facilium
1342 1539 1409 1586 fa-

125 1613 252 1659 stidio
295 1613 493 1661 fecimus.
541 1616 676 1662 Τεξὶει
712 1628 1046 1678 tegumentaque
1069 1651 1082 1671 ‚
1129 1627 1173 1661 et
1210 1613 1408 1660 fomenta

125 1702 366 1748 corporum
385 1723 398 1743 ,
429 1699 470 1732 et
497 1687 617 1742 cibi,
652 1700 693 1734 et
721 1704 828 1750 quae
861 1704 976 1734 nunc
1000 1687 1149 1750 ingens
1181 1686 1406 1749 negotium

126 1759 234 1813 sacia
263 1758 357 1805 sunt
375 1796 387 1817 ,
417 1760 551 1807 obvia
577 1774 698 1807 erant
716 1796 729 1816 ,
764 1775 807 1808 et
835 1761 1017 1823 gratuita
1036 1797 1049 1818 ,
1086 1773 1128 1806 et
1152 1777 1287 1822 opera
1317 1758 1407 1804 levi

124 1832 328 1893 parabilia
363 1850 373 1879 ε
411 1834 569 1888 modus
608 1833 725 1880 enim
763 1833 964 1879 omnium
1004 1848 1136 1895 prout
1166 1832 1405 1894 postulabat

126 1905 375 1963 neceffitas,
407 1920 497 1954 erat
527 1925 539 1952 :
580 1924 660 1953 nos
694 1906 768 1952 ista
799 1905 1012 1968 pretiosa,
1040 1923 1120 1952 nos
1151 1907 1290 1960 mira,
1323 1922 1403 1952 nos

123 1978 291 2039 magnis
313 1979 539 2042 multisque
560 1979 860 2043 conquirenda
891 1981 1052 2027 artibus
1078 1981 1276 2027 fecimus.
1305 1979 1402 2026 Suf-

127 2050 218 2097 ficit
252 2053 306 2097 ad
341 2052 385 2098 id
417 2067 592 2110 natura,
627 2055 749 2117 quod
777 2054 932 2116 poscit.
971 2058 1005 2100 A
1042 2068 1192 2101 natura
1232 2055 1402 2101 luxuria
1446 2086 1449 2089 -

126 2122 338 2169 descivit:
371 2142 480 2187 quae
514 2127 712 2189 quotidie
742 2125 918 2188 seipsam
953 2127 1129 2182 incitat,
1166 2140 1209 2174 et
1238 2139 1306 2174 tot
1336 2126 1403 2174 se⁶

127 2195 235 2240 culis
255 2195 434 2254 crescit,
464 2213 508 2244 et
526 2197 704 2260 ingenio
731 2199 907 2245 adiuvat
936 2199 1057 2246 vitia.
1078 2201 1226 2246 Primo
1254 2201 1405 2263 super-

128 2285 270 2316 vacua
314 2272 463 2334 coepit
504 2272 846 2334 concupiscere,
893 2273 992 2320 inde
1027 2274 1272 2330 contraria,
1321 2291 1404 2321 nou

128 2341 299 2389 viffime
327 2343 507 2404 corpori
533 2345 727 2390 animum
759 2345 952 2403 addixit,
975 2358 1018 2392 et
1044 2346 1156 2392 illius
1187 2346 1406 2394 deservire

126 2415 299 2462 libidini
325 2416 450 2464 iuffir.
481 2419 650 2465 Omnes
670 2419 774 2466 istae
792 2434 901 2466 artes
923 2453 936 2475 ,
969 2421 1126 2483 quibus
1145 2433 1218 2467 aut
1242 2421 1403 2468 excita-³

126 2499 198 2534 tur
225 2487 406 2547 civitas,
435 2506 509 2537 aut
536 2490 708 2554 strepit,
740 2493 942 2555 corporis
970 2493 1205 2556 negotium
1220 2506 1403 2556 gerunt:
