1807 3004
590 60 622 72 Ἀ.

524 152 1097 239 EplsToiAE
1361 203 1444 250 ιῃ

175 294 277 344 fiius
297 293 379 352 est,
406 309 535 358 quam
556 293 602 339 in
629 292 826 339 homine.
853 292 925 339 sed
947 307 1029 338 nos
1052 304 1232 354 quoque
1250 304 1342 335 non
1364 289 1455 341 mi·-¹

176 387 257 416 nus
290 369 423 417 velox
454 367 599 414 cursus
621 366 942 429 praetervehit:
964 378 1007 412 et
1034 365 1136 411 ideo
1162 362 1357 411 admiror
1376 363 1456 410 de-

176 445 384 490 mentiam
409 443 624 497 nostram,
647 443 772 505 quod
797 454 1027 504 tantopere
1054 455 1248 486 amamus
1274 454 1365 484 rem
1389 436 1458 483 fu-

177 516 466 579 gaciffimam,
492 532 651 578 corpus
666 552 679 574 ‚
699 516 990 577 timemusque
1017 529 1070 559 ne
1088 512 1268 574 quando
1295 510 1460 556 moria·

179 608 278 638 mur
307 609 318 637 ε
348 609 447 638 cum
477 608 623 655 omnen
641 603 946 647 momentum,
983 605 1103 635 mors
1140 586 1302 650 prioris
1329 585 1458 632 habi-

179 676 246 710 tus
277 665 341 710 fit.
380 664 460 709 Vis
497 678 544 710 tu
575 664 729 710 timere
754 698 768 720 ,
807 679 861 708 ne
893 661 1021 708 semel
1055 659 1128 706 fiat
1154 660 1278 722 quod
1309 656 1462 722 quoti-

180 737 250 782 die
269 736 351 782 fit?
373 737 447 782 De
477 736 657 781 homine
685 735 803 789 dixi,
826 733 960 779 fluida
987 733 1166 779 materia
1193 747 1237 780 et
1267 732 1461 786 caduca,

180 819 222 855 er
239 806 447 855 omnibus
466 809 662 855 obnoxia
681 809 845 855 casibus
867 823 878 852 :
900 805 1087 851 mundus
1104 821 1300 868 quoque,
1322 816 1462 851 aeter-

132 879 133 882 *
182 895 330 930 na'res
350 896 393 930 et
415 884 597 941 inviffli,
617 894 808 929 mutatur
822 917 835 940 ‚
861 898 940 928 nec
977 880 1096 926 idem
1115 890 1274 924 manet.
1295 879 1468 937 Quam-

180 947 250 1002 *iis
276 956 391 1002 enim
413 957 563 1002 omnia
586 957 631 1001 in
652 957 693 1002 se
719 955 874 1000 habeat
900 969 1011 1017 quae
1033 952 1209 1008 habuit,
1229 951 1352 996 aliter
1384 950 1467 996 ha-

183 1027 259 1074 bet
289 1045 421 1090 quam
453 1027 630 1085 habuit,
669 1027 871 1073 ordinem
907 1037 1058 1072 mutat.
1110 1024 1264 1084 Quid,
1289 1024 1466 1087 inquis,

182 1097 260 1144 ista
281 1099 488 1145 subtilitas
509 1099 614 1144 mihi
638 1097 869 1161 proderit?
893 1097 935 1143 Si
960 1114 1030 1143 me
1056 1095 1321 1159 interrogas,
1350 1096 1471 1145 nihil.

182 1172 266 1218 Sed
296 1172 668 1235 quemadmodum
698 1171 770 1217 ille
802 1169 993 1217 caelator
1027 1169 1182 1216 oculos
1217 1169 1294 1215 diu
1328 1169 1469 1214 inten-

184 1256 257 1290 tos
278 1261 326 1291 ac
346 1244 547 1307 fatigatos
573 1243 754 1290 remittit
771 1259 899 1306 atque
919 1257 1079 1289 avocat
1093 1279 1106 1299 ,
1130 1256 1200 1297 et,
1222 1257 1270 1289 ut
1297 1244 1384 1290 dici
1403 1243 1469 1290 so-

186 1319 268 1373 let,
298 1319 461 1381 pascit:
487 1318 544 1365 fic
572 1335 653 1365 nos
689 1318 883 1363 animum
912 1317 1147 1379 aliquando
1171 1317 1380 1364 debemus
1404 1334 1473 1364 re·

186 1390 331 1436 laxare
345 1425 357 1445 ,
379 1404 421 1437 et
437 1390 696 1454 quibusdam
730 1389 1055 1436 oblefiamentis
1076 1388 1271 1437 reficere.
1291 1390 1362 1436 sed
1382 1388 1474 1452 ipsa

189 1464 503 1511 obleE‘fflmenta
530 1481 666 1527 opera
685 1464 764 1509 {int
783 1482 793 1509 ε
814 1481 870 1510 ex
890 1464 958 1512 his
985 1479 1189 1527 quoque,
1210 1463 1238 1509 {i
1259 1464 1474 1510 observa-

189 1535 331 1591 veris,
353 1536 490 1584 sumes
510 1538 632 1600 quod
658 1535 786 1599 poffit
812 1535 905 1581 fieri
929 1535 1123 1582 salutare.
1160 1535 1262 1582 Hoc
1280 1551 1391 1596 ego,
1412 1533 1476 1582 mi

190 1611 357 1665 Lucili,
392 1610 512 1656 soleo
542 1610 717 1656 fecere:
757 1626 813 1656 ex
854 1608 978 1654 omni
1011 1609 1218 1666 natione,
1250 1608 1415 1655 etiamsi
1451 1623 1478 1654 a

191 1682 465 1744 philosophia
483 1681 730 1744 longis-lime
755 1681 902 1727 aversa
927 1681 987 1727 est
1002 1717 1016 1739 ‚
1037 1698 1192 1727 eruere
1215 1680 1377 1744 aliquid
1398 1697 1479 1727 co-

192 1773 305 1813 nor,
331 1772 375 1803 et
405 1755 507 1802 utile
542 1756 727 1803 efficere.
763 1755 887 1814 Quid
919 1755 972 1801 de
1003 1753 1090 1800 istis
1127 1754 1325 1816 capiam,
1360 1770 1477 1816 quae

194 1827 336 1874 modo
359 1828 663 1884 trafiavimiis,
687 1827 866 1873 remotis
884 1844 908 1873 a
925 1825 1244 1873 reformatione
1266 1824 1480 1872 morum?

150 1918 154 1923 ’
196 1902 430 1963 quomodo
452 1901 681 1946 meliorem
702 1917 771 1946 me
797 1899 943 1948 facere
962 1900 1086 1946 Ideae
1106 1898 1355 1946 Platonicae
1374 1898 1480 1962 pos-

197 1972 331 2019 sunt?
363 1973 471 2036 quid
500 1990 553 2018 ex
584 1971 670 2018 istis
700 1972 895 2026 traham,
923 1973 1044 2036 quod
1074 1971 1334 2035 cupiditates
1361 1986 1481 2017 meas

199 2045 498 2108 comprimat?
535 2045 617 2091 Vel
644 2045 729 2092 hoc
755 2044 916 2107 ipsum,
940 2045 1062 2108 quod
1093 2045 1243 2091 omnia
1266 2043 1342 2089 ista
1366 2058 1480 2107 quae

198 2117 384 2166 sensibus
415 2117 636 2175 serviunt,
669 2133 778 2180 quae
809 2134 891 2164 nos
922 2118 1166 2164 accendunt
1196 2129 1239 2164 et
1271 2116 1443 2162 irritant
1463 2149 1480 2173 ,

199 2202 330 2254 negat
349 2192 468 2238 Plato
492 2207 544 2238 ex
566 2191 617 2238 iis
635 2191 720 2237 effe
739 2207 850 2254 quae
876 2207 980 2238 vere
998 2191 1089 2237 sint.
1114 2191 1248 2254 Igitur
1265 2187 1341 2235 ista
1365 2188 1482 2235 ima-

201 2264 366 2328 ginaria
389 2265 510 2324 sunt,
539 2277 581 2312 et
610 2265 663 2311 ad
697 2277 868 2327 tempus
900 2264 1089 2329 aliquam
1121 2263 1280 2310 faciem
1302 2262 1481 2310 ferunt:

202 2337 312 2385 nihil
341 2338 501 2385 horum
527 2337 699 2397 stabile,
731 2355 812 2386 nec
838 2338 1024 2387 solidum
1056 2337 1130 2385 est.
1156 2353 1199 2384 et
1230 2353 1312 2384 nos
1337 2348 1485 2384 tamen

183 2409 409 2472 ,cupimus
432 2421 635 2472 tanquam
654 2425 727 2459 aut
744 2410 912 2475 semper
929 2410 1075 2459 futura
1090 2447 1103 2469 ,
1123 2423 1196 2456 aut
1221 2410 1390 2473 semper
1409 2410 1487 2456 ha-

203 2481 352 2530 bituri.
376 2482 586 2531 Imbecilli
611 2481 825 2548 fluidique
846 2500 924 2547 per
945 2482 1170 2532 intervalla
1189 2480 1489 2530 consistimus:
