1807 3004
282 221 335 260 14
535 205 579 249 L.
628 203 921 248 ΑΝΝΑΕΙ
975 206 1329 252 SENECAE

274 310 494 357 ..amicare
522 325 608 356 tam
638 309 820 355 subitam
847 311 933 357 mei
958 313 1248 366 mutationem
1271 332 1281 360 :
1310 327 1413 361 tunc
1434 316 1541 362 ami-

269 384 394 430 citiae
413 383 585 431 nostrae
615 383 849 430 certiorem
872 383 1077 431 fiduciam
1100 386 1256 433 habere
1281 388 1543 450 coepifl‘em3

271 458 382 504 illius
413 475 565 512 verae,
591 474 720 520 quam
754 473 844 502 non
872 459 993 518 spes,
1017 474 1108 504 non
1138 459 1296 515 timor,
1323 478 1412 508 non
1432 462 1546 510 utili-

269 532 371 577 tatis
390 531 488 578 suae
513 549 614 579 cura
635 531 806 578 divellit
827 550 837 576 z
857 531 984 585 illius,
1003 548 1102 578 cum
1124 535 1207 588 eiua
1228 533 1429 580 homines
1449 551 1547 582 mo-

269 604 468 660 riuntur,
493 619 534 651 et
567 621 652 667 pro
680 621 768 667 qua
801 605 1060 651 moriuntur.
1102 606 1264 652 Multos
1295 607 1372 652 tibi
1404 607 1547 666 dabo,

267 676 343 737 qui
379 693 470 721 non
501 677 647 723 amico
666 711 680 732 ,
710 675 785 722 sed
815 677 1007 722 amicitia
1037 691 1282 726 caruerunt.
1325 680 1425 726 Hoc
1455 697 1547 726 non

267 748 411 812 potest
438 749 663 808 accidere,
692 766 792 797 cum
821 749 991 796 animos
1016 751 1063 796 in
1094 751 1346 798 societatem
1370 752 1547 799 honesta

264 823 476 886 cupiendi
511 840 588 886 par
623 822 827 870 voluntas
862 823 1007 868 trahit.
1053 823 1222 882 Quidni
1254 841 1345 869 non
1378 825 1544 886 poffit?

262 897 413 944 Sciunt
429 898 547 945 enim
572 898 688 960 ipsos
720 898 873 944 omnia
902 899 1058 944 habere
1081 899 1332 944 communia
1347 935 1363 955 ,
1383 912 1425 946 et
1444 898 1544 962 qui·

263 971 365 1017 dem
394 971 527 1035 magis
558 971 748 1019 adversa.
798 971 1047 1033 Concipere
1080 972 1229 1017 animo
1263 989 1352 1018 non
1384 987 1511 1034 potes
1531 1008 1544 1030 ,

261 1054 473 1105 quantum
492 1042 706 1090 momenti
729 1042 1014 1089 afferre-mihi
1047 1042 1230 1106 fingulos
1250 1044 1340 1090 dies
1356 1044 1547 1092 videam.-

261 1116 417 1174 Mitte‚
447 1116 611 1179 inquis,
643 1127 687 1162 et
717 1114 847 1161 nobis
873 1114 950 1161 ista
969 1151 982 1172 ‚
1002 1106 1111 1177 qffiae
1140 1127 1228 1161 tam
1249 1117 1437 1164 efficacia
1469 1134 1544 1164 ex·-

262 1200 408 1249 pertus
437 1206 495 1236 es.
536 1191 630 1252 Ego
666 1203 777 1234 vero
812 1187 949 1248 cupio
981 1185 1055 1232 ista
1087 1187 1236 1232 omnia
1266 1188 1309 1233 in
1337 1202 1378 1235 te
1406 1201 1545 1236 trans-

230 1262 473 1320 fundere,
503 1262 615 1308 etin
645 1262 733 1308 hoc
765 1261 935 1323 gaudeo
967 1260 1131 1321 aliquid
1161 1262 1320 1309 discere
1338 1299 1350 1319 ‚
1376 1275 1423 1309 ut
1455 1264 1540 1310 do·-

211 1326 213 1328 ’
244 1350 384 1379 -ceam
406 1352 418 1380 ε
441 1350 521 1381 nec
541 1348 613 1380 me
630 1332 716 1379 ulla
735 1349 804 1379 res
834 1332 1085 1388 delectabit,
1115 1332 1216 1380 licet
1247 1335 1408 1381 eximia
1426 1336 1474 1382 fit
1498 1347 1541 1382 et

257 1403 479 1462 salutaris,
513 1421 645 1468 quam
675 1403 784 1450 mihi
817 1403 892 1450 uni
926 1403 1113 1450 sciturus'
1137 1403 1226 1449 fim.
1256 1404 1298 1449 Si
1331 1421 1430 1451 cum
1462 1405 1542 1453 hac

257 1478 523 1539 exceptione
557 1477 683 1523 detur
711 1475 937 1538 sapientia,
962 1487 1007 1521 ut
1039 1475 1154 1520 illam
1185 1475 1392 1522 inclusam
1420 1493 1541 1524 tene-

212 1604 215 1610 ,
258 1565 356 1604 am,
376 1566 456 1596 nec
483 1549 708 1597 enuntiem
724 1584 737 1605 ‚
768 1548 974 1594 reiiciam.
1005 1547 1176 1594 Nullius
1206 1548 1340 1604 boni,
1360 1547 1445 1595 fine
1470 1550 1540 1595 so-

255 1624 357 1681 cio,
386 1624 576 1671 iucunda
605 1622 810 1687 poffeffio
836 1621 909 1669 est.
952 1622 1126 1667 Mittam
1154 1622 1300 1685 itaque
1329 1621 1444 1684 ipsos
1459 1622 1538 1669 tibi

254 1696 391 1742 iibros
417 1713 428 1741 :
455 1709 498 1743 et
528 1712 582 1742 ne
612 1694 799 1741 multum
828 1709 987 1756 operae
1018 1693 1269 1755 impendas,
1302 1693 1407 1740 dum
1438 1694 1536 1756 pas-

253 1771 331 1817 {im
360 1770 591 1835 profutura
614 1769 783 1817 sefiaris
799 1805 812 1826 ,
830 1768 1057 1831 imponam
1083 1780 1233 1824 notas,
1260 1778 1308 1813 ut
1328 1767 1383 1814 ad
1404 1784 1453 1814 ea
1472 1766 1537 1829 ip-

256 1844 299 1891 sa
335 1844 561 1907 protinus,
591 1859 701 1905 quae
726 1840 872 1904 probo
895 1851 938 1886 et
958 1839 1121 1897 miror,
1144 1840 1333 1886 accedas.
1359 1839 1517 1905 Plusxta

254 1932 359 1963 men
391 1915 471 1962 tibi
501 1930 545 1962 et
572 1915 678 1963 viva
711 1922 804 1962 vox
835 1927 878 1960 et
909 1913 1165 1970 convictus,
1196 1929 1324 1975 quam
1357 1913 1536 1969 oratio,

253 1989 468 2050 proderit.
489 1987 534 2034 in
552 2005 645 2036 rem
668 1987 936 2050 praesentem
957 1986 1107 2034 venias
1125 1998 1317 2049 oportet.
1339 1986 1531 2032 Primum

255 2061 357 2124 quia
377 2061 580 2109 homines
606 2060 790 2123 amplius
811 2059 953 2105 oculis
974 2077 1105 2122 quam
1128 2059 1302 2106 auribus
1326 2060 1531 2106 credunt:

207 2135 411 2207 [deinde
436 2135 537 2198 quia
562 2135 747 2198 longum
775 2133 858 2178 iter
883 2132 948 2180 est
964 2149 1040 2195 per
1068 2143 1317 2194 praecepta,
1339 2131 1472 2176 breve
1492 2142 1535 2176 et

252 2207 408 2254 efficax
443 2224 522 2270 per
560 2206 771 2269 exempla.
814 2207 1038 2252 Zenonem
1073 2205 1306 2251 Cleanthes
1337 2220 1428 2250 non
1455 2219 1532 2250 ex-

251 2279 487 2341 preffiffet‚
517 2278 548 2326 fi
584 2296 686 2326 eum
717 2278 1026 2338 tantummodo
1063 2275 1254 2322 audiiset.
1286 2275 1404 2323 vitae
1441 2274 1534 2321 eius

250 2349 477 2408 interfuit,
502 2350 662 2399 secreta
686 2349 930 2413 perspexit,
957 2347 1212 2395 observavit
1232 2347 1377 2404 illum,
1404 2362 1456 2392 an
1477 2362 1531 2392 ex

249 2420 441 2469 formula
471 2423 540 2469 sua
569 2424 756 2471 viveret.
788 2421 912 2468 Plato
934 2434 976 2468 et
1003 2420 1279 2478 Aristoteles,
1311 2430 1354 2466 et
1383 2417 1529 2465 omnis

247 2493 294 2541 in
324 2494 545 2546 diversum
575 2495 689 2544 itura
710 2493 968 2560 sapientium
1000 2494 1148 2553 turba,
1173 2492 1270 2556 plus
1301 2508 1356 2541 ex
1385 2489 1524 2537 mori-
