1797 2956
303 172 392 233 378
537 174 584 220 L.
648 173 940 219 ANNAEI
990 150 1340 220 SENECAE

301 280 408 341 quid
435 280 682 326 detrimenti
714 280 873 327 faceret
904 279 972 327 vir
998 280 1140 326 bonus
1157 315 1170 336 ,
1197 280 1359 343 iniquis
1389 279 1577 327 rumori-

301 353 380 399 bus
405 354 628 416 aspersus?
658 371 738 400 nec
774 355 908 400 morti
933 354 1109 416 quidem
1132 355 1218 401 hoc
1250 354 1364 417 apud
1395 371 1475 400 nos
1501 371 1576 400 no·

299 439 393 472 ceat
417 446 427 472 :
462 439 503 471 et
531 428 637 472 haec
665 428 820 472 malam
848 428 1127 473 molitionem
1153 429 1296 474 haber.
1327 430 1472 474 Nemo
1493 444 1575 474 eo-

300 515 398 545 rum
426 501 498 562 qui
519 501 634 546 illam
663 500 882 559 accusant,
912 514 1115 564 expertus
1139 502 1211 548 est.
1233 502 1407 547 interim
1430 513 1569 548 teme-

300 575 400 621 ritas
421 575 480 621 est
497 607 523 629 ‚i
539 576 742 622 damnare
769 577 891 638 quod
918 575 1090 623 nescias.
1118 577 1172 621 At
1191 575 1296 621 illud
1316 575 1393 622 scis
1409 611 1422 633 ‚
1441 593 1575 639 quam

300 647 444 693 multis
467 647 584 694 utilis
603 648 674 704 fit,
695 666 824 709 quam
846 649 1006 694 multos
1024 648 1177 694 liberet
1195 648 1447 702 tormentis,
1473 665 1576 710 ege-

299 718 427 777 state,
458 720 668 783 querelis,
698 720 945 783 suppliciis,
966 721 1125 766 taedio
1148 721 1254 765 Non
1279 719 1457 766 sumus
1447 738 1492 766 1n
1512 719 1578 766 ul-

297 793 378 840 lius
405 792 643 856 potestate,
671 811 772 840 cum
802 811 922 842 mors
948 793 994 841 in
1014 793 1159 840 nostra
1188 793 1399 856 potestate
1417 793 1482 840 fit.

563 925 1039 973 EplsTOLA
1121 923 1318 970 XCII.

299 1052 519 1097 Rationem
547 1052 592 1094 itz
620 1051 781 1095 homine
809 1051 1049 1104 dominari,
1084 1047 1126 1095 δ’
1147 1052 1223 1096 lzuc
1242 1052 1386 1095 omnia
1415 1051 1552 1110 referri
1566 1061 1583 1110 ,'

364 1121 406 1168 ξύ
428 1127 471 1167 in
496 1141 542 1167 ea
558 1123 737 1183 perfeffla
772 1125 949 1167 Beatam
978 1124 1111 1168 vitam
1132 1122 1214 1186 effe.
1244 1127 1439 1169 Externa
1464 1128 1546 1170 leve
1565 1160 1582 1183 ‚

363 1213 439 1241 aut
460 1200 620 1242 nullum
634 1231 646 1252 ‚
662 1197 830 1255 pondus
857 1198 1006 1243 habere.
1045 1199 1196 1257 Utique
1225 1200 1472 1256 voluptatem
1491 1215 1579 1242 nott

353 1271 490 1332 facere
519 1286 768 1316 momentum
790 1301 803 1323 ‚
834 1271 1138 1315 irrationalium
1177 1273 1342 1316 bonum.
1387 1274 1449 1316 Et
1468 1270 1579 1335 poſje

364 1360 501 1388 tamen
517 1344 634 1402 sumi
652 1358 844 1396 externa,
862 1342 1199 1402 quaesecundzmz
1230 1345 1442 1389 Naturam
1451 1344 1582 1403 simt;

351 1417 431 1477 fid
451 1419 634 1461 iudicio:
657 1414 699 1460 G*
729 1417 801 1460 lzoc
820 1430 917 1460 tunc
945 1418 991 1460 izz
1014 1417 1070 1460 iis
1091 1418 1265 1461 Bonum
1287 1414 1378 1478 effi,
1406 1419 1499 1460 bene
1517 1417 1583 1461 eli·

360 1491 419 1550 οἰ.
457 1491 508 1533 N
506 1490 749 1534 ihilominus
780 1486 822 1534 δ’
843 1487 937 1550 sne
968 1489 1045 1543 iis,
1068 1488 1166 1546 sola
1205 1490 1364 1533 Virtute
1392 1490 1581 1542 beatum,

364 1565 494 1607 immo
516 1565 556 1606 B
560 1561 690 1623 eatff
669 1580 800 1606 mum
821 1564 995 1622 altquem
1020 1559 1105 1623 ff.
1152 1563 1345 1607 Accedere
1375 1563 1469 1607 llaec
1488 1562 1583 1622 pos

355 1637 405 1697 fi
421 1654 440 1690 ,ς
462 1654 547 1680 non
577 1651 717 1679 tamen
746 1653 885 1696 augere
911 1636 1058 1679 addita
1077 1669 1090 1690 ,
1116 1652 1188 1679 nec
1221 1636 1397 1680 minuere
1424 1638 1581 1680 detrac-

365 1725 410 1754 ta
435 1711 699 1754 Beatitatem.
729 1710 773 1752 in
796 1727 921 1769 quam
952 1726 1022 1753 nec
1056 1709 1232 1768 Tempus
1256 1708 1424 1769 aliquid
1441 1708 1581 1773 potest.

365 1783 464 1827 Deo
491 1781 776 1843 affimilemur,
795 1783 855 1825 ad
876 1783 994 1827 illum
1014 1797 1169 1827 eamus,

305 1889 538 2009 PUTQ
563 1951 676 1999 inter
701 1969 772 1998 me
791 1963 923 2014 teque
949 1952 1184 2007 convenit,
1202 1965 1380 1997 externa
1401 1949 1586 2012 corpori·

305 2023 503 2087 acquiri,
543 2040 704 2086 corpus
733 2023 777 2068 in
802 2024 1022 2068 honorem
1049 2022 1184 2068 animi
1213 2021 1331 2080 coli,
1359 2021 1404 2067 in
1433 2021 1587 2067 animo

303 2097 387 2145 effe
414 2111 554 2158 partes
578 2095 812 2151 ministras,
839 2110 917 2157 per
936 2110 1040 2157 quas
1059 2109 1296 2142 movemur
1317 2093 1582 2155 alimurque,

303 2183 487 2234 propter
512 2168 654 2232 ipsum
675 2166 915 2230 principale
942 2167 1069 2214 nobis
1097 2168 1228 2214 datas.
1259 2169 1308 2212 ln
1337 2166 1425 2212 hoc
1459 2164 1583 2227 prin-

303 2241 435 2303 cipali
464 2240 524 2286 est
553 2240 720 2303 aliquid
753 2239 1034 2298 irrationale,
1061 2239 1121 2286 est
1151 2250 1193 2285 et
1217 2237 1439 2284 rationale.
1475 2235 1587 2282 Illud

302 2313 408 2360 huic
440 2311 573 2360 servit
594 2304 608 2358 ;μ
628 2313 715 2359 hoc
752 2327 888 2358 unum
926 2311 1013 2370 est,
1047 2311 1170 2375 quod
1203 2310 1288 2357 alio
1324 2326 1416 2357 non
1445 2308 1584 2356 refer-

303 2396 375 2430 tur
393 2419 406 2441 ,
435 2383 506 2430 sed
535 2381 686 2430 omnia
712 2382 766 2428 ad
795 2381 836 2428 se
867 2381 1043 2444 perfert.
1078 2383 1193 2429 Nam
1219 2381 1291 2429 illa
1316 2397 1498 2444 quoque
1518 2379 1585 2426 di-

299 2456 409 2511 vina
442 2456 554 2504 ratio
588 2455 795 2503 omnibus
829 2454 1074 2520 praepofita
1108 2454 1198 2516 est,
1233 2454 1322 2520 ipsa
1351 2453 1428 2502 sub
1463 2451 1587 2501 nulla
