1807 3004
569 192 1150 238 EprSTOLAE.
1436 206 1490 252 23

223 285 438 349 amicum)
458 292 592 354 etqui
611 302 743 352 parat.
762 289 932 335 Attalus
954 287 1243 351 philosophus
1260 286 1401 334 dicere
1424 288 1495 333 so-

225 367 337 412 }’ebat
353 400 365 421 ‚
387 361 619 409 Iucundius
640 361 725 407 effe
745 360 934 406 amicum
964 359 1125 417 facere,
1151 374 1282 422 quam
1307 359 1466 405 habere
1489 376 1503 405 ε

225 437 457 500 quomodo
486 433 641 482 artifici
671 433 900 480 iucundius
926 433 986 479 est
1006 432 1212 495 pingere,
1239 447 1367 495 quam
1398 430 1498 493 pin·

223 509 341 556 xiss‘e.
374 509 448 554 Illa
472 508 516 553 in
547 525 680 571 opere
715 507 792 553 suo
818 520 1030 570 occupata
1060 505 1316 562 solicitudo,
1348 504 1498 567 ingens

222 581 586 626 ‹2b1e&amentrim
617 579 746 625 habet
771 580 815 625 in
842 580 931 642 ipsa
962 579 1267 641 occupatione.
1294 579 1399 625 Non
1421 595 1495 624 ae-

162 692 164 700 ,
223 651 590 715 que‘⁴dele&atur,
621 651 697 714 qui
723 651 776 696 ab
795 668 930 713 opere
958 651 1150 715 perfefflo
1179 649 1372 697 removit
1401 666 1497 695 ma-

223 741 341 771 num.
374 725 460 770 iam
497 724 636 771 fruc‘cu
668 725 769 771 artis
795 726 890 772 suae
927 725 1082 772 fruitur
1110 743 1120 771 ε
1150 725 1235 786 ipsa
1273 723 1498 770 fruebatur

222 811 310 844 arte
324 833 346 859 ‚A
370 814 471 843 cum
499 796 708 860 pingeret.
740 798 1014 845 Frue‘kuofior
1037 797 1097 845 est
1123 796 1410 844 adolescentia
1440 795 1496 842 li-

222 871 426 916 berorum
442 906 454 925 ‚
479 870 552 915 sed
582 868 761 917 infantia
785 870 968 917 dulcior.
996 871 1125 917 Nunc
1145 870 1199 916 ad
1224 869 1495 932 propositum

223 955 510 989 revertamur.
531 942 706 1004 Sapiens
727 942 853 988 etiam
879 942 907 988 {i
933 954 1164 989 contentus
1186 942 1246 989 est
1265 941 1306 988 se
1322 978 1333 998 ‚
1354 952 1497 986 tamen

223 1013 380 1059 habere
400 1014 590 1059 amicum
615 1013 716 1062 'vuit
739 1032 748 1060 :
783 1014 813 1059 fi
837 1015 897 1059 ob
920 1013 1025 1060 nihil
1055 1013 1196 1070 aliud,
1227 1023 1274 1058 ut
1299 1027 1498 1058 exerceat

225 1087 481 1142 amicitiam,
510 1104 563 1133 ne
580 1102 667 1133 tam
693 1104 847 1150 magna
867 1087 1004 1135 virtus
1028 1086 1166 1132 iaceat
1185 1102 1196 1130 :
1225 1101 1315 1130 non
1336 1086 1389 1131 ad
1410 1085 1497 1131 hoc

223 1159 348 1220 quod
375 1158 589 1221 Epicurus
619 1159 794 1206 dicebat
817 1159 862 1205 in
885 1159 964 1206 hac
991 1159 1079 1222 ipsa
1107 1157 1314 1221 epistola,
1343 1169 1390 1203 ut
1407 1158 1496 1203 ha-

222 1228 319 1275 beat
339 1230 414 1292 qui
433 1228 509 1275 fibi
528 1247 661 1293 aegro
681 1230 854 1277 affideat
867 1265 880 1288 ‚
895 1231 1112 1278 succurrat
1129 1230 1175 1275 in
1193 1228 1368 1277 vincula
1387 1245 1494 1275 con-

223 1301 339 1348 Ξεξὶο
365 1301 436 1348 vel
456 1300 580 1364 inopi
599 1320 609 1348 ε
630 1303 700 1349 sed
726 1318 772 1349 ut
804 1303 960 1349 habeat
979 1302 1165 1366 aliquem
1183 1334 1197 1357 ‚
1226 1302 1295 1349 cui
1317 1301 1405 1363 ipse
1424 1317 1495 1347 ae-

222 1391 303 1438 gro
323 1375 520 1432 affideat,
545 1393 679 1437 quem
700 1376 840 1438 ipsum
864 1376 1214 1423 circumventum
1241 1374 1387 1422 hostili
1417 1392 1495 1422 cu·-

226 1447 363 1492 stodia
386 1447 550 1493 liberet.
569 1448 662 1508 Qui
682 1448 724 1494 se
742 1448 899 1511 speciat
913 1483 926 1504 ‚
944 1462 987 1494 et
1007 1459 1186 1511 propter
1208 1448 1294 1494 hoc
1312 1448 1365 1493 ad
1385 1447 1495 1493 ami·
1538 1501 1540 1503 ‚

225 1519 370 1565 citiam
389 1517 540 1576 venit,
569 1519 678 1565 male
703 1520 866 1583 cogitat
892 1518 1293 1583 :quemadmodum
1322 1518 1496 1580 coepit,

224 1593 281 1639 fic
303 1591 475 1639 definet.
492 1591 665 1639 Paravit
686 1593 873 1640 amicum
892 1591 1094 1640 adversus
1113 1591 1288 1639 vincula
1307 1591 1494 1637 laturum

224 1682 357 1727 opem
376 1682 388 1710 :
410 1681 510 1712 cum
532 1665 723 1726 primum
749 1665 966 1728 crepuerit
985 1677 1134 1712 catena
1148 1663 1387 1722 ‚disceden
1402 1665 1497 1709 Hae

225 1739 319 1784 sunt
344 1735 589 1794 amicitiae,
619 1753 724 1800 quas
751 1737 1059 1799 Temporarias
1085 1736 1274 1800 populus
1297 1736 1495 1799 appellat.

224 1810 315 1870 Qui
345 1807 470 1856 causa
497 1809 690 1855 utilitatis
727 1808 929 1856 assumtus
960 1809 1047 1869 est,
1080 1809 1246 1855 tamdiu
1279 1808 1497 1872 placebit,

226 1882 432 1945 quamdiu
450 1881 563 1927 utilis
580 1880 725 1928 fuerit.
744 1882 839 1928 Hac
859 1898 905 1928 re
922 1881 1130 1929 florentes
1148 1880 1392 1928 amicorum
1406 1893 1497 1927 tur-

225 1955 280 2001 ba
312 1953 596 2001 circumsedet
620 1971 631 2000 :
664 1954 779 2001 circa
803 1954 976 2002 eversos
1006 1954 1156 2018 ingens
1182 1954 1374 2001 solitudo
1399 1953 1460 2000 est
1485 1972 1497 2000 :

224 2040 267 2073 et
295 2027 396 2073 inde
424 2026 552 2072 amici
588 2024 785 2089 fugiunt,
817 2025 893 2072 ubi
931 2026 1184 2089 probantur.
1228 2025 1321 2071 Hac
1350 2042 1397 2072 re
1422 2024 1498 2071 ista

226 2112 295 2144 tot
324 2097 487 2145 nefaria
510 2097 709 2160 exempla
737 2098 859 2154 sunt,
879 2097 1065 2145 aliorum
1094 2113 1213 2145 metu
1244 2096 1498 2159 relinquen-

227 2172 335 2217 tium
354 2207 368 2229 ‚
397 2171 583 2217 aliorum
606 2182 726 2217 metu
752 2171 1049 2233 prodentium.
1077 2170 1261 2218 Neceffe
1290 2169 1350 2216 est
1378 2169 1500 2215 initia
1559 2160 1562 2164 ’

228 2243 340 2290 inter
358 2243 398 2290 se
421 2255 463 2289 et
479 2243 624 2289 ‘exitus
646 2257 901 2306 congruant.
918 2244 1012 2303 Qui
1035 2243 1199 2290 amicus
1220 2242 1304 2288 effe
1329 2241 1499 2302 coepit,

228 2316 333 2378 quia
351 2316 550 2378 expedit;
572 2315 757 2377 placebit
775 2316 815 2361 ei
827 2315 1005 2379 aliquod
1019 2315 1205 2378 pretium
1225 2327 1377 2361 contra
1393 2311 1500 2358 ami-

229 2387 375 2434 citiam
389 2423 402 2444 ,
423 2387 454 2433 fi
478 2388 610 2434 ullum
632 2389 676 2434 in
697 2390 766 2434 illa
797 2390 938 2452 piacet
960 2390 1147 2452 pretium
1166 2404 1334 2452 praeter
1352 2388 1501 2451 ipsam.

231 2460 279 2505 In
299 2460 406 2522 quid
425 2462 613 2507 amicum
636 2462 770 2524 paro?
790 2475 834 2508 ut
852 2462 1034 2509 habeam
1057 2479 1140 2526 pro
1160 2479 1250 2523 quo
1267 2462 1382 2510 mori
1400 2458 1504 2524 pos-

1155 2530 1190 2573 B
1225 2546 1252 2581 4
