1797 2956
300 147 390 207 wa
544 147 1346 198 L.ANNAfi1sENsscAE

289 253 398 301 ferti
430 253 526 301 sunt
546 273 556 301 ε
576 271 680 318 quas
703 254 903 302 existimo
932 256 1205 315 necessarias,
1241 274 1332 304 non
1350 253 1403 304 eit
1422 260 1577 306 eadem

290 329 423 375 causa
441 347 525 392 qua
546 330 688 392 poetis
705 366 716 386 ,
745 330 816 376 sed
836 343 883 376 ut
911 330 1216 378 imbecillitatis
1243 331 1415 380 nostrae
1441 334 1581 379 adm?-

291 402 440 448 -nicula
457 402 535 448 sint
551 437 562 455 ,
577 414 619 448 et
637 418 683 448 ut
698 402 934 449 discentem
954 418 996 450 et
1016 403 1260 450 audientem
1282 405 1326 451 in
1346 423 1436 452 rem
1460 423 1580 469 prae·

295 475 458 522 sentem
489 474 716 520 adducant.
753 474 948 520 Sextium
977 491 1080 522 ecce
1119 478 1414 525 cummaxime
1445 480 1580 542 lego,

295 547 441 593 virum
462 563 606 593 acrem
622 582 636 604 ‚
651 547 830 594 Graecis
849 547 996 595 verbis
1011 585 1023 607 ‚
1042 551 1251 598 Romanis
1269 553 1466 600 moribus
1486 554 1580 616 phi-

297 619 621 681 losophantem.
651 620 799 667 movit
832 637 902 666 me
936 621 1086 685 imago
1117 624 1170 669 ab
1199 623 1276 670 illo
1307 625 1445 686 posita
1474 644 1484 672 :
1517 627 1581 673 ire

292 694 512 755 quadrato
531 691 704 755 agmine
724 693 990 752 exercitum,
1005 694 1079 740 ubi
1092 693 1226 741 hostis
1245 697 1300 742 ab
1319 697 1442 744 omni
1461 713 1583 761 parte

290 766 509 829 -suspedtus
527 766 613 824 est,
634 783 801 830 pugnae
823 782 1032 828 paratum.
1057 768 1177 814 Idem
1191 803 1204 823 ‚
1227 769 1369 831 inquit
1385 804 1397 826 ‚
1419 770 1582 832 sapiens

290 836 441 884 facere
462 835 591 884 debet
611 855 621 883 ε
643 852 797 883 omnes
817 836 999 884 virtutes
1022 838 1114 885 suas
1134 839 1327 901 undique
1347 843 1580 903 expandat,

297 922 345 956 ut
363 909 614 972 ubicunque
635 908 779 955 infesti
808 908 975 972 aliquid
994 911 1135 957 oritur
1149 945 1162 967 ‚
1191 911 1276 957 illic
1297 925 1439 973 parata
1457 930 1582 974 prae-

290 981 400 1028 *fidia
416 981 495 1028 {int
511 1018 523 1039 ‚
550 993 592 1029 et
614 982 669 1028 ad
689 993 842 1027 nutum
868 982 1056 1045 regentis
1083 981 1170 1029 fine
1192 983 1382 1030 tumultu
1402 984 1581 1048 respon-

291 1055 438 1100 deant.
452 1055 591 1115 Quod
608 1054 652 1100 in
674 1053 935 1100 exercitibus
950 1054 1018 1101 his
1031 1071 1145 1117 quos
1161 1055 1447 1117 imperatores
1461 1074 1582 1120 magn-

291 1128 346 1174 -ni
366 1127 573 1175 ordinant
589 1163 602 1185 s
626 1127 722 1174 fieri
741 1128 944 1175 videmus
959 1165 972 1187 ‚
1000 1145 1048 1176 ut
1066 1130 1301 1191 impe-rium
1321 1131 1443 1178 ducis
1460 1131 1580 1179 fimul

297 1216 456 1246 omnes
476 1198 630 1261 copiae
661 1199 868 1258 sentiant,
897 1200 955 1247 fic
976 1202 1205 1262 dispositae
1225 1238 1238 1258 ‚
1258 1216 1306 1249 ut
1325 1202 1492 1265 signum
1525 1204 1579 1250 ab

296 1288 391 1319 uno
426 1272 604 1329 datum,
639 1271 827 1335 peditem
863 1272 986 1319 simul
1013 1274 1294 1338 equitemque
1324 1291 1548 1337 percurrat
1567 1295 1581 1323 t

292 1346 385 1392 hoc
402 1343 626 1408 aliquanto
650 1344 788 1407 tnagis
809 1344 1090 1391 necessarium
1119 1346 1206 1395 effe
1229 1347 1382 1403 nobis,
1414 1348 1580 1395 Sextius

290 1419 370 1465 ait.
388 1418 455 1465 Illi
473 1417 589 1464 enim
611 1418 734 1480 saepe
755 1417 922 1465 hostem
942 1418 1128 1465 timuere
1149 1420 1236 1466 fine
1255 1420 1399 1474 causa,
1420 1420 1578 1467 tutiffi-

296 1507 511 1553 mumque
544 1490 626 1537 illis
661 1491 743 1538 iter
761 1525 775 1548 ‚
820 1491 943 1554 quod
979 1490 1332 1553 suspefflffimum
1366 1493 1447 1539 fuit
1477 1512 1485 1537 :
1520 1491 1580 1538 ni!

300 1563 474 1610 stultitia
496 1574 696 1625 pacatum
732 1561 875 1609 habet.
905 1574 992 1607 tam
1023 1561 1206 1624 superne
1233 1562 1295 1608 illi
1322 1575 1462 1611 metus
1489 1564 1549 1610 est
1562 1598 1582 1622 »,

293 1653 433 1701 quam
463 1636 585 1682 infra.
604 1651 841 1701 utrumque
867 1634 1053 1697 trepidat
1071 1634 1193 1681 latus.
1224 1635 1475 1698 Sequuntur
1500 1652 1578 1698 pe·-

292 1709 433 1757 -ricula
452 1719 495 1756 et
514 1720 753 1755 occurrunt
768 1743 781 1765 ‚
802 1708 866 1754 -ad
883 1706 1033 1753 omnia
1065 1718 1222 1768 pavet:
1252 1707 1463 1769 imparata
1485 1707 1577 1765 est,

296 1795 341 1829 et
367 1780 464 1844 ipsis
485 1793 670 1827 terretur
698 1778 889 1826 auxiliis..
906 1778 1084 1841 Sapiens
1110 1794 1254 1824 autem
1272 1812 1286 1834 ‚
1312 1780 1363 1823 ad
1398 1795 1577 1825 omnem

299 1854 519 1902 incursum
538 1853 731 1900 munitus
747 1865 790 1899 et
808 1853 1000 1898 intentus
1013 1888 1026 1908 ‚
1054 1866 1145 1896 non
1160 1850 1191 1913 'fi
1213 1867 1440 1914 paupertas
1454 1887 1467 1908 ‚
1484 1867 1580 1897 non

291 1925 329 1972 ‘fi
365 1927 531 1981 lu&us‚
562 1941 654 1972 non
681 1924 711 1970 fi
732 1923 998 1988 ignominia„
1027 1940 1116 1970 non
1148 1923 1177 1969 fi
1206 1925 1336 1972 dolor
1362 1923 1579 1986 impetum

294 1999 452 2053 saciat,
483 1998 641 2062 pedem
674 1997 846 2044 referet.
878 1996 1098 2043 Interritus
1121 2008 1163 2043 et
1194 2008 1347 2043 contra
1375 1996 1444 2041 illa
1472 1995 1580 2051 ibit,

299 2085 344 2120 et
370 2072 483 2118 inter
514 2070 598 2117 illa.
628 2071 723 2116 Nos
756 2069 893 2116 multa
925 2068 1123 2131 alligant,
1161 2070 1294 2115 multa
1322 2068 1577 2115 debilitant:

293 2145 373 2191 diu
390 2143 434 2190 in
454 2142 542 2189 istis
559 2142 676 2190 vitiis
699 2141 908 2189 ia-cuimus
922 2176 935 2198 ,
954 2140 1041 2186 elui
1067 2139 1241 2186 difficile
1258 2139 1330 2187 est.
1352 2156 1442 2185 non
1460 2141 1575 2211 enim

291 2215 512 2278 inquinati
529 2215 677 2262 sumus
695 2249 710 2272 ,
736 2214 808 2260 sed
835 2212 1001 2259 infeffl.
1037 2213 1105 2258 Ne
1125 2213 1179 2258 ab
1207 2213 1287 2258 alia
1313 2213 1500 2275 imagine
1521 2213 1576 2259 ad

291 2289 424 2335 aliam
443 2288 708 2335 transeamus
723 2323 736 2345 ,
756 2287 845 2333 hoc
862 2302 1068 2349 quaeram
1084 2318 1097 2339 ‚
1117 2286 1241 2347 quod
1261 2302 1433 2331 mecum
1453 2285 1576 2346 saepe

293 2360 513 2424 dispicio,
542 2360 648 2424 quid
682 2361 741 2406 ita
774 2375 855 2405 nos
880 2357 1054 2404 stultitia
1083 2369 1170 2402 tam
1205 2357 1478 2420 pertinaciter
1508 2368 1574 2402 te·

292 2447 410 2491 neat.
435 2434 588 2481 Primo
607 2432 709 2498 quia
729 2449 824 2482 non
846 2430 1022 2480 fortiter
1052 2429 1170 2478 illam
1187 2430 1437 2495 repellimus
1450 2460 1465 2486 ,
1491 2445 1573 2477 nec
