1807 3004
287 218 350 263 44
548 208 595 254 L.
643 209 943 256 ANNAEI
989 211 1343 258 SENECAE

284 311 531 375 frustusque
555 313 646 360 eius
672 314 750 360 tibi
770 314 852 361 effe
874 316 1038 378 gratior
1065 317 1205 378 possit.
1234 320 1269 364 Is
1290 317 1479 366 maxime
1498 319 1568 366 di-

225 386 227 390 ’
284 384 402 431 vitiis
417 384 572 431 fruitur
586 421 598 442 ,
613 388 690 449 qui
709 387 889 433 minime
908 389 1073 435 divitiis
1088 389 1262 451 indiget.
1278 391 1391 445 Ede,
1406 391 1567 451 inquis,

283 458 522 504 auctorem.
545 461 606 505 Ut
631 459 734 506 scias
753 469 890 522 quarn
906 462 1080 523 benigni
1103 462 1258 518 fimus,
1293 465 1566 526 propofitum

283 529 344 574 est
374 529 509 575 aliena
537 529 743 577 laudare:
774 531 948 594 Epicuri
974 533 1062 590 est,
1095 545 1166 579 aut
1195 536 1473 590 Metrodori,
1495 552 1568 585 aut

282 601 462 648 alicuius
487 618 541 648 ex
578 601 648 648 illa
680 603 869 649 officina.
915 606 967 651 Et
1004 603 1110 666 quid
1135 605 1339 662 interest,
1372 608 1468 668 quis
1500 608 1568 654 di-

282 673 424 719 xerit?
443 673 648 720 omnibus
668 675 792 722 dixit.
819 675 911 735 Qui
935 691 1031 737 eget
1052 676 1240 733 divitiis,
1268 678 1392 724 timet
1412 696 1493 740 pro
1511 680 1567 726 il-

281 745 333 792 lis
354 764 364 792 ε
387 763 520 793 nemo
542 760 684 794 autem
712 748 883 794 solicito
908 749 1031 795 bono
1059 747 1232 796 fruitur.
1264 750 1466 797 Adiicere
1488 753 1568 799 illis

279 817 447 879 aliquid
471 817 635 872 studet,
668 819 771 864 dum
800 820 853 865 de
883 820 1155 867 incremento
1184 821 1347 884 cogitat
1376 824 1568 871 :oblitus

281 890 342 936 est
366 892 492 950 usus,
514 892 706 938 rationes
734 893 920 956 accipit,
948 893 1095 941 forum
1119 896 1334 956 conterit,
1363 896 1567 946 kalenda-

281 965 398 1010 rium
422 965 592 1023 versat,
613 964 661 1010 fit
686 983 740 1012 ex
759 966 946 1013 domino
966 980 1244 1029 procurator.

576 1097 1051 1145 EPISTOLA
1138 1100 1280 1147 XV.-

281 1231 363 1273 Ad
378 1247 517 1274 curam
543 1229 669 1274 etiam
700 1231 880 1290 corporis
899 1233 1165 1276 Exercitatio
1172 1231 1332 1291 spec7ae
1352 1250 1368 1277 .·
1381 1233 1461 1291 fid
1473 1233 1568 1279 llaec

343 1300 573 1359 laboriofiz,
606 1316 682 1345 aut
711 1317 910 1361 occupata
941 1319 1025 1345 non
1056 1302 1149 1358 esto.
1181 1304 1339 1347 Facilis
1368 1302 1410 1348 ὃ)
1440 1305 1566 1348 brevis

329 1374 494 1434 fiffcit
522 1390 536 1416 .·
564 1389 611 1418 ut
640 1374 801 1430 curfics,
818 1374 988 1432 saltus,
1016 1374 1207 1438 gestatio,
1238 1377 1350 1419 vocis
1378 1376 1572 1421 intentlo..

346 1449 545 1506 Clausizla
571 1450 622 1492 ab
644 1449 854 1507 Epicuro,
881 1449 949 1491 Ne
970 1448 1060 1492 vita
1085 1449 1130 1491 irz
1150 1447 1347 1505 fututum
1368 1448 1566 1507 feratur:

338 1521 620 1580 praesentibus
652 1521 868 1580 acquiefie.

281 1643 420 1759 M
434 1710 512 1755 Os
542 1708 728 1772 antiquis
755 1707 838 1755 fuit
852 1745 867 1765 ‚
893 1708 1027 1771 usque
1044 1709 1097 1756 ad
1118 1724 1257 1755 meam
1279 1708 1473 1755 servatus
1490 1724 1565 1754 ae-

276 1793 437 1838 tatem,
472 1781 623 1843 primis
656 1779 864 1843 epistolae
898 1780 1044 1827 verbis
1078 1781 1266 1827 adiicere
1299 1798 1308 1826 :
1341 1781 1383 1826 Si
1418 1781 1566 1838 vales,

278 1855 391 1902 bene
420 1855 494 1902 est.
529 1855 665 1901 Ree'le
695 1867 738 1901 et
769 1871 848 1907 nos
881 1854 1067 1902 dicimus
1095 1873 1104 1901 :
1138 1855 1181 1900 Si
1212 1854 1564 1918 philosopharis,

277 1927 389 1975 bene
414 1927 490 1974 est.
518 1928 674 1974 Valere
693 1927 809 1973 enim
830 1928 917 1973 hoc
941 1928 1117 1973 demum
1140 1926 1228 1972 est:
1249 1925 1335 1972 fine
1357 1927 1466 1979 hoc,
1487 1942 1562 1972 ae-

278 2020 355 2066 ger
373 2002 432 2049 est
456 2003 636 2049 animus.
652 2003 828 2066 Corpus
846 2019 1024 2065 quoque
1044 2003 1173 2047 etiam
1195 2001 1224 2047 fi
1243 2018 1417 2064 magnas
1434 2001 1569 2046 habet

278 2077 395 2122 vires
414 2112 426 2130 ‚
454 2093 544 2121 non
566 2075 686 2120 aliter
712 2091 841 2137 quam
873 2074 1022 2121 furiofi
1049 2090 1121 2121 aut
1149 2073 1423 2137 phrenetici,
1453 2073 1566 2120 vali-

277 2148 381 2194 dum
419 2147 490 2194 est.
529 2151 648 2210 Ergo
684 2147 795 2193 hanc
827 2146 1125 2193 valetudinem
1163 2145 1396 2208 praecipue
1433 2162 1568 2201 cura,

278 2221 436 2267 deinde
451 2233 493 2267 et
512 2221 625 2266 illam
650 2219 880 2266 secundam
906 2237 916 2265 ι
935 2236 1044 2282 quae
1062 2236 1154 2265 non
1174 2236 1337 2282 magno
1356 2218 1434 2264 tibi
1454 2236 1565 2266 con-

251 2293 429 2350 sfiabst,
462 2293 492 2339 fi
518 2293 713 2340 volueris
742 2293 854 2340 bene
885 2293 1044 2340 valere.
1079 2293 1213 2339 Stulta
1242 2292 1302 2338 est
1329 2291 1474 2349 enim,
1503 2291 1564 2338 mi

240 2357 249 2403 τ’]
279 2367 440 2422 Lucili,
468 2380 508 2412 et
533 2367 712 2412 minime
732 2366 1004 2412 conveniens
1025 2366 1196 2412 literato
1215 2365 1316 2412 viro
1333 2398 1346 2420 ‚
1366 2380 1563 2426 occupa-

278 2439 343 2486 tio
363 2440 593 2486 exercendi
611 2440 822 2497 lacertos,
838 2452 879 2485 et
900 2440 1104 2486 dilatandi
1129 2439 1375 2494 cervicem,
1389 2454 1439 2484 ac
1457 2437 1564 2483 late-

278 2528 327 2560 ra
355 2512 572 2560 firmandi.
601 2514 718 2560 Cum
736 2512 817 2559 tibi
837 2511 1021 2561 feliciter
1041 2512 1182 2575 sagina
1202 2510 1369 2560 cefferit
1383 2545 1398 2570 ,
1415 2521 1457 2557 et
1474 2502 1564 2556 tori
