1807 3004
435 196 1070 247 'EplsTOLAE.
1335 223 1419 267 323

152 305 183 354 fi
213 307 396 371 poterit,
429 306 472 352 in
499 307 663 369 patria;
691 307 717 351 fi
753 308 920 365 minus,
951 308 994 354 in
1029 309 1209 355 exsilio:
1232 309 1262 355 fi
1296 328 1426 372 pote-

153 380 209 426 rit
226 413 238 433 ,
272 380 538 441 imperator;
562 378 589 421 sl
611 379 772 433 minus,
794 379 915 424 miles
936 397 944 424 :
967 379 994 423 ii
1017 380 1175 441 poterit
1196 416 1206 435 ‚
1235 380 1426 444 integer;

153 451 184 496 si
224 452 395 504 minus,
429 450 595 496 debilis.
642 464 948 512 quamcunque
989 451 1211 497 fortunam
1242 469 1426 515 accepe-

153 523 238 579 rit,
273 518 432 583 aliquid
466 538 517 567 ex
558 523 628 567 illa
651 521 933 567 memorabile
962 522 1135 568 efficiet.
1177 525 1298 569 Certi
1333 525 1430 570 sunt

152 595 394 641 domitores
426 592 638 649 ferarum,
676 594 754 657 qui
788 594 1025 639 saeviffima
1064 596 1265 641 animalia
1299 607 1340 641 e‘t
1374 597 1428 642 ad

151 667 386 714 occursum
411 667 666 712 exterrentia
689 667 913 714 hominem
931 702 943 723 ,
966 668 1126 714 docent
1145 669 1232 730 pati
1252 669 1429 731 iugum:

154 757 232 786 nec
262 740 531 801 asperitatem
566 740 785 786 excuffiffe
819 741 1048 797 contenti,
1090 743 1224 804 usque
1251 741 1293 786 in
1326 758 1432 787 con-

151 814 397 858 tubernium
431 812 644 875 mitigant.
684 815 898 859 Leonibus·
925 814 1126 877 magister
1154 830 1334 859 manum
1362 816 1432 860 in·

152 886 299 941 set-tat,
327 885 545 931 osculatur
573 886 716 949 tigrim
743 887 836 932 suus
862 886 1026 943 custos,
1053 888 1325 949 elephantem
1348 890 1434 933 mi-

154 958 296 1003 nimus
327 959 538 1020 Aethiops
568 958 687 1003 iubet
715 957 925 1004 ‘subsidere
953 959 997 1003 in
1027 976 1186 1021 genua,
1214 971 1256 1004 et
1278 963 1433 1007 ambu-

155 1032 239 1077 lare
261 1050 334 1093 per
350 1031 606 1081 fiinem.,Sic
628 1031 790 1091 sapiens
808 1031 867 1077 est
891 1029 1043 1077 artifex
1069 1031 1281 1076 domandi
1305 1033 1432 1078 mala.

154 1102 305 1150 Dolor
321 1139 332 1158 ‚
352 1103 508 1165 egestas
522 1135 534 1156 ‚
556 1103 795 1166 ignominia
810 1139 821 1158 ,
841 1116 1007 1159 carcer,
1026 1104 1221 1150 exsilium
1235 1139 1248 1161 ‚
1269 1119 1311 1150 et
1333 1105 1431 1151 ubi-

154 1191 324 1238 cunque
358 1176 598 1235 horrenda,
635 1193 735 1224 cum
762 1178 816 1223 ad
844 1178 961 1225 hune
995 1194 1264 1240 pervenere,
1306 1195 1430 1237 man-

155 1248 270 1296 sueta
308 1249 415 1296 sunt.

352 1371 826 1419 EP1sToLA
904 1372 1239 1420 LXXXVL

155 1509 228 1554 De
255 1511 356 1554 villa
392 1509 598 1566 Africani
612 1527 631 1562 ;
664 1510 850 1567 aedificio
884 1507 925 1554 ἃ
960 1512 1132 1566 balneo,
1172 1529 1243 1556 nec
1265 1513 1430 1570 polito,

218 1600 288 1626 nec
318 1584 442 1626 lauto.
473 1583 626 1625 Contra
658 1585 806 1626 luxum
822 1582 899 1640 sui
929 1584 1031 1628 aevi.
1060 1583 1114 1626 In
1149 1597 1351 1641 extremo,
1381 1586 1429 1628 de

219 1657 317 1701 oleis
334 1656 546 1715 serendis,
577 1655 780 1719 occqfione
814 1658 947 1702 villae.

158 1761 252 1876 IN
272 1821 357 1888 ipsa
376 1823 590 1887 Scipionis
607 1822 803 1871 Africani
826 1821 927 1871 villa
947 1824 1089 1870 iacens
1108 1820 1212 1871 haec
1231 1820 1308 1871 tibi
1325 1827 1426 1874 scria

155 1900 213 1946 bo
229 1936 243 1956 ,
269 1900 454 1945 adoratis
473 1888 669 1944 manibus
688 1900 776 1944 eius
798 1914 839 1944 et
864 1915 960 1945 arca
979 1933 992 1955 ,
1019 1915 1147 1960 quam
1177 1898 1423 1960 sepulcrum

156 1971 239 2018 effe
261 1969 365 2017 tanti
393 1971 473 2016 viri
498 1971 701 2033 suspicor.
727 1971 918 2016 animum
947 1971 1123 2032 quidem
1147 1971 1237 2018 eius
1268 1973 1309 2018 in
1332 1991 1428 2021 ςοεἓ
1490 1963 1492 1965 ,

156 2045 246 2090 lum
265 2079 276 2101 ,
297 2061 348 2090 ex
369 2060 457 2106 quo
478 2057 567 2089 erat
582 2080 594 2100 ‚
615 2043 766 2089 redisse
788 2043 1023 2103 persuadeo
1044 2041 1150 2088 mihi
1174 2060 1184 2089 ε
1214 2060 1304 2091 non
1325 2049 1426 2109 quia

157 2134 335 2181 magnos
352 2119 562 2165 exercitus
593 2119 737 2173 duxit,
758 2115 862 2182 (hos
888 2118 1002 2163 enim
1035 2130 1076 2164 et
1096 2118 1336 2182 Cambyses
1357 2122 1424 2168 fue

156 2189 316 2243 riosus,
345 2202 393 2236 ac
426 2188 573 2235 furore
606 2189 784 2235 feliciter
800 2188 897 2241 usus
923 2188 1098 2249 habuit)
1125 2189 1195 2236 sed
1221 2192 1281 2237 ob
1301 2205 1425 2255 egre-

154 2261 265 2323 giam
284 2261 624 2307 moderationem
647 2263 935 2324 pietatemque
950 2297 963 2318 ,
991 2263 1124 2325 magis
1141 2263 1184 2308 in
1200 2263 1275 2309 illo
1292 2266 1427 2311 admi-

155 2334 331 2380 rabilem
347 2371 360 2391 ,
391 2351 489 2381 cum
521 2330 693 2397 reliquit
711 2335 889 2395 patriam
905 2371 916 2391 ‚
943 2352 1072 2397 quam
1096 2348 1194 2384 cum
1217 2336 1426 2386 defendin

156 2409 244 2452 Aut
270 2407 417 2468 Scipio
455 2407 623 2453 Romae
656 2407 795 2453 deesse
829 2407 1039 2464 debebat,
1068 2423 1140 2454 aut
1171 2411 1338 2455 Romae
1367 2411 1425 2455 li-

153 2481 304 2530 bertas.
344 2481 496 2542 Nihil,
525 2480 694 2545 inquit,
722 2481 831 2530 volo
861 2481 1069 2545 derogare
1096 2482 1284 2545 legibus,
1320 2483 1427 2529 nihil

1066 2553 1112 2598 X
1150 2571 1174 2599 2,
