1807 3004
547 142 1128 224 EPISTOLAE.
1390 187 1473 220 ιοι

199 287 284 333 nia.
311 287 381 333 Ne
405 283 547 332 forma
567 285 740 347 quidem
761 297 802 330 et
824 284 941 330 vires
960 283 1132 329 beatum
1154 293 1196 328 te
1218 280 1358 328 facere
1380 280 1480 343 pos-

197 358 318 404 sunt:
342 357 445 402 nihil
472 358 629 403 horum
658 373 748 402 non
772 356 933 418 patitur
948 353 1219 403 vetustatem.
1249 353 1479 412 Quaeren-

200 430 307 475 dum
326 427 387 488 est
414 444 520 490 ergo
545 428 665 490 quod
690 444 778 473 non
800 427 872 473 fiat
894 426 937 472 in
957 427 1047 472 dies
1065 425 1276 483 deterius,
1294 425 1364 472 cui
1387 442 1478 473 non

199 503 328 566 poffit
347 501 518 548 obstari.
552 503 674 562 Quid
702 503 789 549 hoc
812 501 903 548 est?
928 501 1119 547 animus:
1140 499 1213 547 sed
1230 500 1299 548 hic
1319 502 1479 557 reehxs,

199 577 365 632 bonus,
383 590 573 637 magnus.
593 574 717 634 Quid
739 574 853 620 aliud
872 590 1004 620 voces
1018 572 1157 630 hunc,
1176 591 1305 637 quam
1327 574 1478 621 Deum

198 648 242 694 in
261 648 453 693 humano
482 663 669 709 corpore
689 645 1009 708 hospitantem?
1032 646 1115 692 Hic
1137 646 1304 693 animus
1325 661 1411 693 tam
1432 647 1477 693 in

195 720 386 783 equitem
420 721 670 766 Romanum
687 754 699 776 ,
736 736 867 782 quam
897 719 942 765 in
965 718 1215 767 libertinum
1233 755 1245 775 ,
1267 737 1396 782 quam
1430 720 1476 767 in

195 791 368 842 servum
387 827 399 847 ‚
441 791 581 853 potest
612 792 778 838 cadere.
809 791 932 852 Quid
965 791 1025 838 est
1057 807 1191 854 eques
1219 792 1478 849 Romanus,

195 882 267 913 aut
300 865 559 922 libertinus,
592 879 664 912 aut
699 865 874 912 servus?
903 865 1095 912 Nomina
1127 879 1181 912 ex
1212 864 1480 921 ambitione,

195 953 269 984 aut
292 955 346 984 ex
366 937 521 983 iniuria
547 951 658 984 nata.
684 937 881 983 Subsilire
905 937 949 983 in
970 937 1142 984 coelum
1165 952 1220 982 ex
1247 936 1406 999 angulo
1425 936 1477 982 li-

195 1025 264 1058 cet
281 1011 484 1074 :exsurge
499 1013 665 1068 modo,
682 1024 724 1057 et
749 1023 790 1056 te
810 1026 989 1072 quoque
1011 1010 1194 1073 dignum
1221 1008 1334 1072 finge
1356 1010 1476 1056 Deo.

195 1084 348 1147 Finges
364 1097 505 1130 autem
528 1101 618 1130 non
642 1100 752 1130 auro
768 1114 782 1137 ‚
810 1100 899 1129 non
920 1099 1101 1146 argento
1121 1101 1132 1130 ε
1153 1100 1245 1131 non
1265 1082 1403 1145 potest
1422 1099 1476 1129 ex

195 1157 277 1204 hac
295 1157 474 1203 materia
498 1157 645 1219 imago
668 1159 773 1204 Deo
793 1158 979 1218 exprimi
999 1156 1157 1209 fimilis.
1178 1157 1335 1221 Cogita
1355 1157 1476 1215 iilos,

193 1246 296 1276 cum
325 1229 505 1292 propitii
525 1229 657 1276 effent
672 1264 686 1285 ‚
707 1229 854 1276 fiffiles
873 1228 1013 1276 fuiffe.

431 1348 908 1403 EPIsTOLA
992 1356 1236 1402 XXXII.

194 1487 362 1531 Laudat
378 1485 525 1529 Lucilii
534 1483 820 1543 solitudinem,
842 1482 1210 1543 &sizbduffionem.
1232 1486 1361 1531 Porro
1379 1487 1474 1532 ἡον-

261 1575 399 1616 tatur,
422 1577 470 1602 ne
487 1560 581 1619 quis
600 1574 754 1618 tempus
776 1562 950 1619 eripiat,
976 1561 1083 1603 illud
1104 1575 1190 1604 tam
1212 1561 1318 1605 breve
1337 1557 1432 1618 &fi
1452 1586 1472 1597 ·-

258 1633 637 1693 gax.·‘C072cemna5
665 1632 789 1676 etiam
808 1632 997 1692 vulgaria
1016 1646 1130 1677 vota.

198 1738 462 1860 INQUIRO
493 1803 538 1850 in
566 1815 639 1861 re,
670 1818 715 1851 et
745 1803 800 1850 ab
836 1803 1043 1851 omnibus
1073 1801 1292 1860 sciscitor,
1321 1803 1394 1867 qui
1420 1820 1475 1850 ex

196 1876 274 1923 ista
293 1877 471 1940 regione
502 1877 708 1934 veniunt,
743 1877 849 1940 quid
876 1894 997 1940 agas,
1022 1877 1098 1924 ubi
1119 1889 1163 1924 et
1188 1894 1287 1925 cum
1319 1878 1476 1940 quibus

199 1950 400 1997 moreris.
422 1951 570 1997 Verba
587 1951 689 1997 dare
708 1967 797 2001 non
819 1964 960 2013 potes.
979 1962 1122 1998 tecum
1140 1951 1246 1999 sum.
1264 1951 1335 1998 Sic
1351 1952 1477 2007 vive,

198 2037 404 2085 tanquam
426 2024 532 2084 quid
559 2023 691 2071 facias
719 2025 946 2086 auditum}
970 2024 1046 2070 fim
1070 2043 1081 2072 :
1107 2025 1249 2072 immo
1268 2041 1476 2089 tanquam

200 2096 384 2145 visurus.
412 2098 627 2157 Quaeris,
654 2098 758 2160 quid
790 2115 863 2144 me
891 2098 1082 2146 maxime
1105 2114 1160 2145 ex
1189 2098 1254 2145 his
1283 2116 1394 2161 quae
1420 2100 1477 2154 de
1502 2155 1506 2157 μ

199 2180 241 2216 te
266 2170 402 2216 audio
418 2205 431 2227 ,
457 2170 679 2218 dele&et?
707 2171 834 2233 quod
867 2170 975 2217 nihil
1004 2171 1140 2218 audio
1161 2188 1173 2217 z
1197 2173 1319 2235 quod
1348 2171 1478 2234 pleri-

200 2258 286 2305 que
313 2259 366 2287 ex
385 2242 450 2289 his
475 2259 586 2305 quos
605 2242 831 2306 interrogo
847 2279 859 2299 ,
880 2242 1077 2291 nesciunt
1098 2243 1208 2306 quid
1231 2261 1344 2308 agas.
1375 2246 1479 2294 Hoc

199 2313 262 2361 est
294 2314 493 2370 salutare,
525 2332 612 2361 non
634 2315 887 2362 conversari
919 2315 1214 2375 diffimilibus,
1235 2331 1278 2364 et
1309 2317 1479 2366 diversa

200 2387 489 2448 cupientibus.
528 2389 683 2434 Habeo
714 2388 892 2451 quidem
927 2387 1134 2437 fiduciam
1161 2406 1252 2435 non
1282 2388 1404 2452 posse
1434 2400 1478 2435 te

199 2460 421 2524 torqueri,
445 2460 780 2526 mansurumque
810 2461 856 2508 in
876 2461 1108 2526 proposito
1117 2497 1132 2519 ‚
1161 2461 1289 2508 etiam
1316 2462 1346 2509 fi
1370 2461 1478 2512 solit

662 2536 672 2538 ”
1139 2534 1184 2580 G
1217 2549 1254 2596 3x
