1797 2956
329 187 419 248 328
587 186 634 232 L.
682 187 976 232 ANNAEI
1025 186 1381 234 SENECAE

326 291 495 340 radices
511 293 688 356 prodire
706 293 880 356 patitur,
903 309 953 340 ac
974 293 1110 341 solum
1129 294 1477 358 apprehendere,
1497 312 1604 359 quas

326 365 496 414 neceffe
530 366 591 412 est
621 377 789 413 teneras
818 366 989 424 adhuc,
1035 378 1078 414 et
1112 368 1313 430 precario
1348 367 1603 426 haerentes,

326 439 438 487 levis
459 454 640 503 quoque
661 438 839 485 revellat
864 438 1057 502 agitatio,
1074 454 1226 502 parum
1246 451 1392 485 autem
1418 439 1606 498 arboris,

326 525 560 576 antequam
604 511 797 570 obruat,
836 512 964 561 radit„
1004 530 1058 560 ex
1098 513 1221 559 omni
1260 512 1378 559 enim
1423 513 1605 559 materia

327 601 438 648 quae
471 585 629 631 nudata
665 583 761 642 est,
803 598 851 632 ut
891 584 992 643 ait,
1033 597 1192 632 exeunt
1234 585 1404 632 radices
1447 601 1607 632 novae.

327 659 434 704 Non
455 657 598 721 plures
622 672 766 705 autem
785 656 911 721 super
930 668 1092 706 terram
1119 657 1312 705 eminere
1341 660 1469 706 debet
1487 671 1606 705 trun-

325 747 431 787 cus,
459 747 589 794 quam
620 743 708 777 tres
737 741 809 776 aut
835 743 1025 792 quatuor
1053 731 1216 794 pedes:
1240 730 1376 777 statim
1406 732 1520 777 enim
1551 731 1606 777 ab

323 801 421 850 imo
450 802 660 851 vestietur
696 819 708 847 z
745 820 827 850 nec
859 820 1012 867 magna
1052 820 1176 862 pars,
1223 804 1603 864 quemadmodum

322 878 368 925 in
397 877 576 925 olivetis
606 877 859 934 veteribus,
887 876 1005 924 arida
1036 887 1079 923 et
1105 876 1321 925 retorrida
1347 876 1440 924 erit.
1483 877 1607 922 Alter

323 949 523 1016 ponendi
547 950 706 996 modus
728 948 800 996 hic
821 947 918 996 fuir.
943 951 1108 995 Ramos
1129 948 1295 1003 fortes,
1322 965 1402 996 nec
1427 947 1606 996 corticis

323 1023 448 1081 duri,
479 1023 629 1085 quales
658 1021 742 1069 effe
769 1022 1043 1068 novellarum
1074 1021 1282 1068 arborum
1312 1021 1452 1068 solent
1472 1053 1486 1076 ‚
1522 1036 1605 1066 eo-

323 1097 425 1143 dem
451 1111 611 1159 genere
634 1094 851 1157 depoesuit.
884 1094 940 1140 Hi
960 1093 1093 1156 paulo
1116 1094 1279 1141 tardius
1302 1095 1482 1157 surgunt
1501 1110 1511 1138 :
1531 1092 1606 1139 sed

323 1184 425 1216 cum
458 1176 667 1227 tanquam
698 1182 722 1210 a
756 1166 903 1227 planta
941 1165 1230 1226 processerint
1251 1202 1266 1223 ,
1301 1165 1410 1213 nihil
1444 1166 1607 1212 habent

322 1239 369 1285 in
404 1239 445 1286 se
482 1236 749 1292 horridum,
789 1253 871 1282 nec
904 1236 1034 1283 triste.
1072 1237 1180 1282 Illud
1206 1238 1336 1283 etiam
1383 1255 1501 1284 nunc
1539 1236 1606 1283 vi-

324 1311 401 1369 di,
428 1309 566 1356 vitem
598 1325 655 1356 ex
686 1308 862 1355 arbusto
895 1308 975 1354 suo
1005 1309 1211 1354 annosam
1245 1309 1499 1356 transferri:
1523 1309 1605 1357 hu·-

322 1384 389 1432 ius
413 1383 714 1447 capillamenta
749 1399 930 1444 quoque
957 1382 1011 1447 (fi
1035 1381 1130 1429 fieri
1159 1381 1335 1446 potest)
1361 1383 1604 1446 colligenda

321 1457 449 1513 sunt,
480 1455 636 1503 deinde
658 1453 880 1500 liberalius
905 1452 1133 1500 sternenda
1167 1454 1293 1509 vitis,
1322 1467 1371 1501 ut
1399 1454 1530 1501 etiam
1550 1471 1603 1501 ex

322 1547 514 1595 corpore
541 1528 792 1578 radicescat.
821 1531 874 1575 Et
903 1528 996 1575 vidi
1027 1544 1116 1574 non
1143 1542 1312 1575 tantum
1344 1529 1490 1576 mense
1520 1531 1603 1575 Fe-

321 1604 499 1653 bruario
527 1603 708 1667 pofitas,
744 1603 815 1650 sed
848 1602 977 1649 etiam
1010 1601 1173 1648 Martio
1204 1604 1359 1650 exasso
1379 1615 1527 1651 tenent
1560 1614 1604 1650 et

320 1677 577 1739 complexae
607 1677 703 1724 sunt
735 1691 827 1722 non
850 1675 944 1722 suas
970 1674 1131 1732 ulmos,
1161 1691 1315 1721 omnes
1337 1687 1480 1721 autem
1506 1674 1606 1721 istas

321 1751 501 1798 arbores
515 1786 527 1806 ,
548 1766 658 1813 quae
681 1752 751 1810 (ut
770 1749 829 1796 ita
852 1747 1019 1812 dicam)
1045 1747 1365 1812 grandiscapiae
1385 1748 1479 1794 sunt
1497 1782 1511 1804 ,
1530 1759 1603 1793 aut

320 1839 431 1887 aqua
459 1822 724 1870 adiuvandas
751 1822 1011 1870 cisternina:
1040 1838 1150 1885 quae
1177 1821 1209 1867 fi
1232 1820 1437 1883 prodest,
1462 1822 1603 1868 habe-

320 1913 418 1943 mus
457 1896 652 1959 pluviam
683 1897 730 1942 in
768 1895 913 1943 nostra
953 1894 1179 1958 potestate.
1221 1895 1347 1942 Plura
1382 1907 1424 1941 te
1465 1896 1604 1943 doce-

317 1984 365 2015 re
396 1985 487 2015 non
519 1968 670 2032 cogito
697 1986 708 2014 :
734 1985 788 2015 ne
815 1967 1189 2032 quemadmodum
1222 1966 1425 2030 Aegialus
1455 1967 1601 2014 noster

314 2055 386 2087 me
407 2038 484 2087 fibi
508 2040 801 2089 adversarium
826 2039 996 2104 paravit
1012 2074 1027 2100 ‚
1053 2038 1111 2087 fic
1131 2056 1218 2104 ego
1239 2057 1388 2104 parem
1414 2052 1457 2088 te
1477 2040 1600 2088 mihi.
