1797 2956
361 203 453 257 280
601 205 650 250 L.
701 202 997 264 ANNAE!
1049 202 1402 249 SENECAE

361 311 507 369 mine,
533 326 576 359 et
595 311 712 357 hunc
744 310 967 357 solennem
994 311 1199 356 omnibus
1231 311 1377 357 Poetis
1408 310 1557 357 locum
1583 321 1647 356 at-

358 386 513 448 tingas.
546 402 677 449 quem
721 401 812 448 quo
848 384 990 431 minus
1029 385 1222 431 Ovidius
1257 387 1487 441 ῐτεξὶεπεῐ,
1536 385 1645 430 nihil

358 457 552 514 obstitit,
569 457 692 519 quod
711 457 797 502 iam
820 455 1029 519 Virgilius
1048 455 1308 517 impleverat
1327 473 1337 500 :
1358 473 1410 502 ne
1430 456 1645 502 Severum

359 530 541 593 quidem
560 527 817 575 Cornelium
838 540 1022 590 uterque
1041 528 1261 573 deterruit.
1279 527 1501 573 Omnibus
1522 543 1649 588 prae-

359 616 479 649 terea
512 601 700 648 feliciter
729 602 799 647 hic
829 602 951 647 locus
981 602 1022 647 se
1049 601 1168 647 dedit
1200 619 1212 646 ε
1243 614 1286 646 et
1315 601 1390 663 qui
1411 600 1649 662 praecesse--

359 686 457 720 rant
479 708 493 728 ‚
519 689 611 718 non
640 673 918 735 praeripuisse
943 673 1051 719 mihi
1077 675 1284 720 videntur
1311 688 1423 736 quae
1451 674 1539 719 dici
1566 689 1650 734 po-

357 757 522 799 terant,
542 746 614 791 sed
639 745 863 808 aperuisse.
886 748 968 793 Sed
993 747 1176 792 multum
1206 746 1380 792 interest
1400 780 1413 801 ‚
1429 760 1572 792 utrum
1594 745 1648 792 ad

360 820 635 867 consumtam
655 820 906 878 materiam,
928 839 981 867 an
999 823 1054 867 ad
1074 821 1290 868 subaeram
1304 821 1486 867 accedas
1504 839 1515 867 ε
1535 821 1650 868 cres—v

358 894 417 939 cit
438 894 485 939 in
508 894 598 940 dies
617 930 631 950 ‚
662 907 704 939 et
721 894 964 941 inventuris
985 895 1166 942 inventa
1201 912 1291 940 non
1312 894 1500 939 obstant.
1527 896 1653 940 Prae-

360 978 505 1023 terea,
534 967 738 1014 conditio
763 968 933 1030 optima
964 968 1024 1014 est
1052 967 1212 1014 ultimi.
1245 970 1394 1013 Parata
1422 966 1556 1013 verba
1586 965 1654 1012 in-

362 1039 515 1095 venit,
546 1057 656 1103 quae
686 1040 806 1085 aliter
840 1039 1044 1086 instrut‘la
1078 1056 1243 1086 novam
1271 1038 1426 1084 faciem
1456 1038 1618 1084 habent
1644 1052 1655 1081 ε

361 1130 443 1160 nec
468 1114 549 1160 illis
581 1130 734 1160 manus
766 1113 931 1171 iniicir,
958 1127 1165 1175 tanquam
1195 1112 1376 1159 alienis:
1414 1111 1510 1158 sunt
1537 1110 1654 1157 enim

363 1186 551 1248 publica.¹
587 1186 878 1232 Iurisconsulti
918 1201 1110 1249 negant,
1151 1185 1392 1248 quidquam
1434 1183 1657 1246 publicum

363 1259 558 1323 usucapi.
595 1261 685 1305 Aut
710 1275 798 1320 ego
829 1271 871 1304 te
904 1275 994 1304 non
1024 1258 1163 1314 novi,
1197 1269 1270 1302 aut
1300 1259 1440 1304 Aetna
1461 1257 1539 1302 ribi
1564 1256 1659 1301 Ηί-

365 1349 469 1377 vam
498 1344 667 1378 movet.
700 1335 786 1377 Iam
818 1332 942 1394 cupis
961 1330 1124 1403 grande
1151 1329 1314 1392 aliquid
1332 1361 1345 1381 ,
1368 1342 1411 1375 et
1439 1346 1516 1392 par
1537 1329 1659 1392 prio-

363 1406 482 1451 ribus
511 1405 710 1452 scribere.
747 1404 844 1450 Plus
879 1404 993 1450 enim
1029 1403 1201 1465 sperare
1230 1401 1443 1447 modestia
1475 1401 1554 1447 tibi
1583 1413 1657 1447 tua

367 1494 460 1533 non
491 1477 737 1540 permittit.-
759 1495 870 1541 quae
890 1489 1007 1523 tanta
1026 1477 1069 1523 in
1087 1487 1130 1523 te
1156 1475 1244 1530 est,
1274 1489 1321 1521 ut
1342 1475 1531 1522 videaris
1550 1473 1658 1520 mihi

369 1551 634 1596 Υεῑῑεᾶὶιιι·ιιε
665 1549 831 1613 ingenii
856 1550 921 1596 rui
944 1550 1089 1607 vires,
1123 1547 1152 1594 fi
1177 1547 1382 1595 vincendi
1416 1546 1660 1610 pericuium

370 1624 434 1671 fir.
463 1637 583 1672 tanta
615 1625 696 1672 tibi
728 1624 930 1687 priorum
959 1623 1205 1672 reverentia
1238 1622 1311 1668 est.
1334 1624 1450 1668 Inter
1483 1633 1624 1668 cetera
1646 1651 1662 1674 ‚

373 1699 462 1746 hoc
496 1697 629 1744 habet
665 1696 774 1743 boni
810 1696 1054 1760 sapientia:
1096 1710 1228 1741 nemo
1262 1694 1316 1740 ab
1350 1694 1486 1739 altero
1519 1692 1664 1756 potest

373 1771 522 1829 vinci,
550 1770 628 1817 nifi
653 1770 769 1816 dum
789 1770 1047 1816 ascenditur.
1089 1769 1193 1814 dum
1223 1768 1278 1813 ad
1306 1766 1523 1812 summum
1559 1783 1663 1828 per-

373 1844 575 1901 veneris,
604 1843 721 1905 paria
751 1842 845 1888 sunt
867 1858 987 1887 :non
1010 1840 1084 1888 est*
1097 1840 1372 1886 incremento
1394 1840 1540 1895 locus,
1578 1837 1663 1883 sta·-

373 1933 460 1966 tur.
479 1917 709 1980 Numquid
736 1916 799 1962 so}
824 1914 1111 1979 magnitudini
1130 1913 1226 1960 suae
1242 1911 1426 1958 adiicit?
1447 1910 1664 1973 numquid

376 1992 477 2039 luna
493 1991 604 2036 ultra
622 2005 750 2053 quarn
779 1988 884 2034 solet
907 1984 1141 2049 procedit?
1163 1984 1296 2029 maria
1321 1999 1411 2028 non
1436 1982 1633 2028 crescunt
1652 1998 1663 2028 ε

377 2064 569 2111 mundus
594 2063 782 2109 eundem
810 2060 1006 2107 habitum
1034 2075 1083 2105 ac
1103 2057 1289 2102 modurn
1319 2055 1473 2101 servat.
1504 2053 1666 2099 Extol-

379 2137 466 2185 lere
495 2135 562 2193 se,
586 2151 696 2197 quae
727 2132 878 2180 iustam
905 2129 1249 2194 magnitudinem
1276 2127 1545 2190 implevere,
1575 2142 1667 2172 non

381 2209 571 2272 possunt.
598 2208 870 2268 Quicunque
890 2203 1051 2251 fuerint
1068 2203 1310 2265 sapientes,
1340 2218 1464 2264 pares
1481 2212 1606 2246 erunt
1625 2212 1668 2247 et

381 2283 609 2345 aequa'ies:
633 2280 810 2327 habebit
829 2277 1121 2340 unusquisque
1140 2293 1191 2322 ex
1209 2275 1274 2321 his
1293 2274 1492 2338 proprias
1510 2274 1666 2321 dotes:

381 2356 489 2403 alius
510 2355 592 2400 erit
613 2353 859 2408 affabilior,
888 2351 993 2397 alius
1015 2349 1292 2412 expeditior,
1326 2347 1431 2393 alius
1449 2344 1669 2425 promtior

384 2428 429 2476 in
455 2428 732 2489 eloquendo,
761 2425 867 2471 alius
886 2423 1148 2470 facundior:
1179 2422 1283 2468 illud
1308 2422 1361 2467 de
1379 2435 1471 2482 quo
1495 2417 1635 2480 agitur
1654 2451 1668 2474 ,

386 2504 510 2567 quod
530 2503 704 2551 beatum
723 2500 857 2555 facit,
876 2498 1053 2562 aequale
1072 2497 1155 2546 erit
1179 2496 1226 2545 in
1240 2494 1459 2543 omnibus.
1472 2492 1544 2538 An
1564 2492 1668 2539 Aetna
