<?xml version="1.0" encoding="UTF-8"?>
<!DOCTYPE html PUBLIC "-//W3C//DTD XHTML 1.0 Transitional//EN"
    "http://www.w3.org/TR/xhtml1/DTD/xhtml1-transitional.dtd">
<html xmlns="http://www.w3.org/1999/xhtml" xml:lang="en" lang="en">
 <head>
  <title>
</title>
<meta http-equiv="Content-Type" content="text/html;charset=utf-8" />
  <meta name='ocr-system' content='tesseract 3.04.00' />
  <meta name='ocr-capabilities' content='ocr_page ocr_carea ocr_par ocr_line ocrx_word'/>
</head>
<body>
  <div class='ocr_page' id='page_1' title='image "./lannaeisenecaeph03seneuoft_0146.png"; bbox 0 0 1807 3004; ppageno 0'>
   <div class='ocr_carea' id='block_1_1' title="bbox 318 184 1365 244">
    <p class='ocr_par' dir='ltr' id='par_1_1' title="bbox 318 184 1365 244">
     <span class='ocr_line' id='line_1_1' title="bbox 318 184 1365 244; baseline 0.005 -17"><span class='ocrx_word' id='word_1_1' title='bbox 318 184 403 244; x_wconf 64' lang='lat'>¹33</span> <span class='ocrx_word' id='word_1_2' title='bbox 571 186 619 230; x_wconf 90' lang='lat' dir='ltr'>L.</span> <span class='ocrx_word' id='word_1_3' title='bbox 663 186 965 231; x_wconf 58' lang='lat' dir='ltr'><strong>ANNAEI</strong></span> <span class='ocrx_word' id='word_1_4' title='bbox 1012 187 1365 233; x_wconf 64' lang='lat' dir='ltr'><strong>SENECAE</strong></span> 
     </span>
    </p>
   </div>
   <div class='ocr_carea' id='block_1_2' title="bbox 298 289 1637 2546">
    <p class='ocr_par' dir='ltr' id='par_1_2' title="bbox 298 289 1637 2546">
     <span class='ocr_line' id='line_1_2' title="bbox 310 289 1589 356; baseline 0.004 -21"><span class='ocrx_word' id='word_1_5' title='bbox 310 289 381 336; x_wconf 82' lang='lat' dir='ltr'>hic</span> <span class='ocrx_word' id='word_1_6' title='bbox 411 290 451 336; x_wconf 87' lang='lat' dir='ltr'>se</span> <span class='ocrx_word' id='word_1_7' title='bbox 482 290 675 337; x_wconf 74' lang='lat' dir='ltr'><strong>felicitati</strong></span> <span class='ocrx_word' id='word_1_8' title='bbox 703 291 800 337; x_wconf 87' lang='lat' dir='ltr'>suae</span> <span class='ocrx_word' id='word_1_9' title='bbox 824 291 1062 340; x_wconf 85' lang='lat' dir='ltr'>subducere</span> <span class='ocrx_word' id='word_1_10' title='bbox 1079 294 1198 356; x_wconf 89' lang='lat' dir='ltr'>cupit</span> <span class='ocrx_word' id='word_1_11' title='bbox 1218 312 1227 340; x_wconf 92' lang='lat'>:</span> <span class='ocrx_word' id='word_1_12' title='bbox 1246 295 1359 340; x_wconf 89' lang='lat' dir='ltr'>hunc</span> <span class='ocrx_word' id='word_1_13' title='bbox 1387 292 1589 340; x_wconf 83' lang='lat' dir='ltr'>homines</span> 
     </span>
     <span class='ocr_line' id='line_1_3' title="bbox 309 362 1588 428; baseline 0.004 -22"><span class='ocrx_word' id='word_1_14' title='bbox 309 362 420 409; x_wconf 84' lang='lat' dir='ltr'>male</span> <span class='ocrx_word' id='word_1_15' title='bbox 437 362 621 418; x_wconf 85' lang='lat' dir='ltr'>habent,</span> <span class='ocrx_word' id='word_1_16' title='bbox 642 363 762 409; x_wconf 87' lang='lat' dir='ltr'>illum</span> <span class='ocrx_word' id='word_1_17' title='bbox 785 364 856 409; x_wconf 91' lang='lat' dir='ltr'>dii.</span> <span class='ocrx_word' id='word_1_18' title='bbox 877 365 999 424; x_wconf 82' lang='lat' dir='ltr'>Quid</span> <span class='ocrx_word' id='word_1_19' title='bbox 1018 366 1124 412; x_wconf 89' lang='lat' dir='ltr'>mihi</span> <span class='ocrx_word' id='word_1_20' title='bbox 1147 366 1399 412; x_wconf 84' lang='lat' dir='ltr'>lusoria-ista</span> <span class='ocrx_word' id='word_1_21' title='bbox 1417 382 1588 428; x_wconf 83' lang='lat' dir='ltr'>propo-</span> 
     </span>
     <span class='ocr_line' id='line_1_4' title="bbox 307 434 1592 486; baseline 0.004 -7"><span class='ocrx_word' id='word_1_22' title='bbox 307 434 406 481; x_wconf 86' lang='lat' dir='ltr'>nis?</span> <span class='ocrx_word' id='word_1_23' title='bbox 434 451 524 481; x_wconf 87' lang='lat' dir='ltr'>non</span> <span class='ocrx_word' id='word_1_24' title='bbox 543 435 603 481; x_wconf 87' lang='lat' dir='ltr'>est</span> <span class='ocrx_word' id='word_1_25' title='bbox 623 436 800 483; x_wconf 87' lang='lat' dir='ltr'>iocandi</span> <span class='ocrx_word' id='word_1_26' title='bbox 818 438 954 484; x_wconf 87' lang='lat' dir='ltr'>locus.</span> <span class='ocrx_word' id='word_1_27' title='bbox 975 439 1029 484; x_wconf 91' lang='lat' dir='ltr'>ad</span> <span class='ocrx_word' id='word_1_28' title='bbox 1055 439 1235 486; x_wconf 86' lang='lat' dir='ltr'>miseros</span> <span class='ocrx_word' id='word_1_29' title='bbox 1263 438 1592 486; x_wconf 66' lang='lat' dir='ltr'>advocatuses.</span> 
     </span>
     <span class='ocr_line' id='line_1_5' title="bbox 307 507 1590 574; baseline 0.002 -22"><span class='ocrx_word' id='word_1_30' title='bbox 307 509 455 568; x_wconf 85' lang='lat' dir='ltr'>Opem</span> <span class='ocrx_word' id='word_1_31' title='bbox 477 520 521 553; x_wconf 92' lang='lat' dir='ltr'>te</span> <span class='ocrx_word' id='word_1_32' title='bbox 546 507 732 553; x_wconf 86' lang='lat' dir='ltr'>laturum</span> <span class='ocrx_word' id='word_1_33' title='bbox 754 507 973 571; x_wconf 87' lang='lat' dir='ltr'>naufragis</span> <span class='ocrx_word' id='word_1_34' title='bbox 989 545 1004 565; x_wconf 94' lang='lat'>,</span> <span class='ocrx_word' id='word_1_35' title='bbox 1036 510 1197 572; x_wconf 81' lang='lat' dir='ltr'>captis,</span> <span class='ocrx_word' id='word_1_36' title='bbox 1223 511 1359 574; x_wconf 81' lang='lat' dir='ltr'>aegris</span> <span class='ocrx_word' id='word_1_37' title='bbox 1377 545 1390 568; x_wconf 94' lang='lat'>,</span> <span class='ocrx_word' id='word_1_38' title='bbox 1415 509 1590 573; x_wconf 40' lang='lat' dir='ltr'>*egenti-</span> 
     </span>
     <span class='ocr_line' id='line_1_6' title="bbox 305 577 1590 644; baseline 0.002 -21"><span class='ocrx_word' id='word_1_39' title='bbox 305 578 385 623; x_wconf 86' lang='lat' dir='ltr'>bus</span> <span class='ocrx_word' id='word_1_40' title='bbox 408 613 421 633; x_wconf 93' lang='lat'>‚</span> <span class='ocrx_word' id='word_1_41' title='bbox 451 577 649 624; x_wconf 77' lang='lat' dir='ltr'>&#39;intentae</span> <span class='ocrx_word' id='word_1_42' title='bbox 675 579 816 626; x_wconf 84' lang='lat' dir='ltr'>securi</span> <span class='ocrx_word' id='word_1_43' title='bbox 845 580 1080 636; x_wconf 58' lang='lat' dir='ltr'>subiefft&#39;um</span> <span class='ocrx_word' id='word_1_44' title='bbox 1110 582 1424 644; x_wconf 83' lang='lat' dir='ltr'>praestantibus</span> <span class='ocrx_word' id='word_1_45' title='bbox 1459 596 1590 643; x_wconf 88' lang='lat' dir='ltr'>caput</span> 
     </span>
     <span class='ocr_line' id='line_1_7' title="bbox 306 650 1590 719; baseline 0.004 -24"><span class='ocrx_word' id='word_1_46' title='bbox 306 650 527 710; x_wconf 80' lang='lat' dir='ltr'>pollicitus</span> <span class='ocrx_word' id='word_1_47' title='bbox 547 667 616 697; x_wconf 90' lang='lat' dir='ltr'>es:</span> <span class='ocrx_word' id='word_1_48' title='bbox 632 669 722 712; x_wconf 90' lang='lat' dir='ltr'>quo</span> <span class='ocrx_word' id='word_1_49' title='bbox 745 653 1004 701; x_wconf 83' lang='lat' dir='ltr'>diverteris?</span> <span class='ocrx_word' id='word_1_50' title='bbox 1031 656 1138 718; x_wconf 89' lang='lat' dir='ltr'>quid</span> <span class='ocrx_word' id='word_1_51' title='bbox 1156 655 1269 719; x_wconf 85' lang='lat' dir='ltr'>agis?</span> <span class='ocrx_word' id='word_1_52' title='bbox 1291 655 1362 701; x_wconf 92' lang='lat' dir='ltr'>hic</span> <span class='ocrx_word' id='word_1_53' title='bbox 1379 672 1478 701; x_wconf 88' lang='lat' dir='ltr'>cum</span> <span class='ocrx_word' id='word_1_54' title='bbox 1498 670 1590 718; x_wconf 88' lang='lat' dir='ltr'>quo</span> 
     </span>
     <span class='ocr_line' id='line_1_8' title="bbox 304 726 1590 793; baseline 0.003 -22"><span class='ocrx_word' id='word_1_55' title='bbox 304 726 415 772; x_wconf 87' lang='lat' dir='ltr'>ludis</span> <span class='ocrx_word' id='word_1_56' title='bbox 428 762 441 783; x_wconf 90' lang='lat'>,</span> <span class='ocrx_word' id='word_1_57' title='bbox 460 726 598 774; x_wconf 85' lang='lat' dir='ltr'>timet.</span> <span class='ocrx_word' id='word_1_58' title='bbox 616 728 830 775; x_wconf 87' lang='lat' dir='ltr'>Succurre</span> <span class='ocrx_word' id='word_1_59' title='bbox 847 764 860 785; x_wconf 96' lang='lat'>,</span> <span class='ocrx_word' id='word_1_60' title='bbox 881 729 1074 792; x_wconf 86' lang='lat' dir='ltr'>quisquis</span> <span class='ocrx_word' id='word_1_61' title='bbox 1091 729 1371 793; x_wconf 79' lang='lat' dir='ltr'>eloquentior</span> <span class='ocrx_word' id='word_1_62' title='bbox 1388 746 1455 787; x_wconf 92' lang='lat' dir='ltr'>es,</span> <span class='ocrx_word' id='word_1_63' title='bbox 1490 745 1590 792; x_wconf 90' lang='lat' dir='ltr'>per-</span> 
     </span>
     <span class='ocr_line' id='line_1_9' title="bbox 303 799 1592 866; baseline 0.002 -22"><span class='ocrx_word' id='word_1_64' title='bbox 303 799 502 846; x_wconf 87' lang='lat' dir='ltr'>euntium</span> <span class='ocrx_word' id='word_1_65' title='bbox 529 801 696 861; x_wconf 87' lang='lat' dir='ltr'>poenis.</span> <span class='ocrx_word' id='word_1_66' title='bbox 725 804 896 850; x_wconf 83' lang='lat' dir='ltr'><strong>Omnes</strong></span> <span class='ocrx_word' id='word_1_67' title='bbox 926 803 1120 866; x_wconf 90' lang='lat' dir='ltr'>undique</span> <span class='ocrx_word' id='word_1_68' title='bbox 1152 803 1207 848; x_wconf 89' lang='lat' dir='ltr'>ad</span> <span class='ocrx_word' id='word_1_69' title='bbox 1238 816 1281 850; x_wconf 88' lang='lat' dir='ltr'>te</span> <span class='ocrx_word' id='word_1_70' title='bbox 1312 818 1465 848; x_wconf 88' lang='lat' dir='ltr'>manus</span> <span class='ocrx_word' id='word_1_71' title='bbox 1494 818 1592 848; x_wconf 88' lang='lat' dir='ltr'>ten-</span> 
     </span>
     <span class='ocr_line' id='line_1_10' title="bbox 304 872 1592 938; baseline 0.002 -22"><span class='ocrx_word' id='word_1_72' title='bbox 304 872 438 928; x_wconf 88' lang='lat' dir='ltr'>dunt,</span> <span class='ocrx_word' id='word_1_73' title='bbox 461 873 653 933; x_wconf 79' lang='lat' dir='ltr'>perditae</span> <span class='ocrx_word' id='word_1_74' title='bbox 673 874 817 932; x_wconf 87' lang='lat' dir='ltr'>vitae,</span> <span class='ocrx_word' id='word_1_75' title='bbox 846 876 1155 938; x_wconf 83' lang='lat' dir='ltr'>perituraeque</span> <span class='ocrx_word' id='word_1_76' title='bbox 1175 875 1384 920; x_wconf 84' lang='lat' dir='ltr'>auxilium</span> <span class='ocrx_word' id='word_1_77' title='bbox 1412 874 1592 936; x_wconf 83' lang='lat' dir='ltr'>aliquod</span> 
     </span>
     <span class='ocr_line' id='line_1_11' title="bbox 305 944 1593 1012; baseline 0.002 -23"><span class='ocrx_word' id='word_1_78' title='bbox 305 944 564 1007; x_wconf 84' lang='lat' dir='ltr'>implorant,</span> <span class='ocrx_word' id='word_1_79' title='bbox 579 947 625 992; x_wconf 91' lang='lat' dir='ltr'>in</span> <span class='ocrx_word' id='word_1_80' title='bbox 641 960 683 995; x_wconf 91' lang='lat' dir='ltr'>te</span> <span class='ocrx_word' id='word_1_81' title='bbox 699 948 794 1011; x_wconf 88' lang='lat' dir='ltr'>spes</span> <span class='ocrx_word' id='word_1_82' title='bbox 810 948 1003 1012; x_wconf 85' lang='lat' dir='ltr'>opesque</span> <span class='ocrx_word' id='word_1_83' title='bbox 1022 949 1131 996; x_wconf 84' lang='lat' dir='ltr'>sunt.</span> <span class='ocrx_word' id='word_1_84' title='bbox 1146 951 1320 1011; x_wconf 80' lang='lat' dir='ltr'>Rogant</span> <span class='ocrx_word' id='word_1_85' title='bbox 1339 960 1387 994; x_wconf 91' lang='lat' dir='ltr'>ut</span> <span class='ocrx_word' id='word_1_86' title='bbox 1403 963 1456 994; x_wconf 81' lang='lat' dir='ltr'>ex</span> <span class='ocrx_word' id='word_1_87' title='bbox 1473 945 1593 995; x_wconf 73' lang='lat' dir='ltr'>tanta</span> 
     </span>
     <span class='ocr_line' id='line_1_12' title="bbox 304 1016 1594 1088; baseline 0.003 -26"><span class='ocrx_word' id='word_1_88' title='bbox 304 1016 405 1063; x_wconf 87' lang='lat' dir='ltr'>illos</span> <span class='ocrx_word' id='word_1_89' title='bbox 434 1018 710 1067; x_wconf 87' lang='lat' dir='ltr'>volutatione</span> <span class='ocrx_word' id='word_1_90' title='bbox 737 1021 965 1077; x_wconf 82' lang='lat' dir='ltr'>extrahas,</span> <span class='ocrx_word' id='word_1_91' title='bbox 997 1033 1046 1068; x_wconf 91' lang='lat' dir='ltr'>ut</span> <span class='ocrx_word' id='word_1_92' title='bbox 1072 1021 1262 1068; x_wconf 61' lang='lat' dir='ltr'>disiectis</span> <span class='ocrx_word' id='word_1_93' title='bbox 1279 1033 1323 1088; x_wconf 75' lang='lat' dir='ltr'>et</span> <span class='ocrx_word' id='word_1_94' title='bbox 1352 1019 1594 1067; x_wconf 85' lang='lat' dir='ltr'>errantibus</span> 
     </span>
     <span class='ocr_line' id='line_1_13' title="bbox 303 1090 1593 1158; baseline 0.001 -21"><span class='ocrx_word' id='word_1_95' title='bbox 303 1090 467 1137; x_wconf 89' lang='lat' dir='ltr'>clarum</span> <span class='ocrx_word' id='word_1_96' title='bbox 487 1092 680 1140; x_wconf 87' lang='lat' dir='ltr'>veritatis</span> <span class='ocrx_word' id='word_1_97' title='bbox 702 1094 851 1142; x_wconf 87' lang='lat' dir='ltr'>lumen</span> <span class='ocrx_word' id='word_1_98' title='bbox 871 1094 1085 1144; x_wconf 82' lang='lat' dir='ltr'>ostendas.</span> <span class='ocrx_word' id='word_1_99' title='bbox 1114 1094 1207 1142; x_wconf 92' lang='lat' dir='ltr'>Dic</span> <span class='ocrx_word' id='word_1_100' title='bbox 1223 1093 1329 1158; x_wconf 91' lang='lat' dir='ltr'>quid</span> <span class='ocrx_word' id='word_1_101' title='bbox 1349 1106 1497 1140; x_wconf 88' lang='lat' dir='ltr'>natura</span> <span class='ocrx_word' id='word_1_102' title='bbox 1519 1109 1593 1138; x_wconf 87' lang='lat' dir='ltr'>ne-</span> 
     </span>
     <span class='ocr_line' id='line_1_14' title="bbox 304 1162 1594 1230; baseline 0.003 -22"><span class='ocrx_word' id='word_1_103' title='bbox 304 1162 528 1209; x_wconf 73' lang='lat' dir='ltr'>cessarium</span> <span class='ocrx_word' id='word_1_104' title='bbox 560 1162 740 1223; x_wconf 89' lang='lat' dir='ltr'>fecerit,</span> <span class='ocrx_word' id='word_1_105' title='bbox 770 1166 876 1228; x_wconf 85' lang='lat' dir='ltr'>quid</span> <span class='ocrx_word' id='word_1_106' title='bbox 900 1167 1255 1230; x_wconf 84' lang='lat' dir='ltr'>supervacuum,</span> <span class='ocrx_word' id='word_1_107' title='bbox 1287 1183 1416 1230; x_wconf 89' lang='lat' dir='ltr'>quam</span> <span class='ocrx_word' id='word_1_108' title='bbox 1445 1165 1594 1213; x_wconf 86' lang='lat' dir='ltr'>faciles</span> 
     </span>
     <span class='ocr_line' id='line_1_15' title="bbox 304 1234 1591 1303; baseline 0.004 -24"><span class='ocrx_word' id='word_1_109' title='bbox 304 1234 420 1297; x_wconf 84' lang='lat' dir='ltr'>leges</span> <span class='ocrx_word' id='word_1_110' title='bbox 441 1236 664 1296; x_wconf 79' lang='lat' dir='ltr'>posuerit3</span> <span class='ocrx_word' id='word_1_111' title='bbox 686 1255 818 1299; x_wconf 86' lang='lat' dir='ltr'>quam</span> <span class='ocrx_word' id='word_1_112' title='bbox 836 1239 1026 1286; x_wconf 87' lang='lat' dir='ltr'>iucunda</span> <span class='ocrx_word' id='word_1_113' title='bbox 1045 1240 1094 1286; x_wconf 91' lang='lat' dir='ltr'>fit</span> <span class='ocrx_word' id='word_1_114' title='bbox 1112 1240 1205 1288; x_wconf 84' lang='lat' dir='ltr'>vita</span> <span class='ocrx_word' id='word_1_115' title='bbox 1219 1275 1233 1298; x_wconf 91' lang='lat'>,</span> <span class='ocrx_word' id='word_1_116' title='bbox 1258 1256 1388 1303; x_wconf 87' lang='lat' dir='ltr'>quam</span> <span class='ocrx_word' id='word_1_117' title='bbox 1410 1239 1591 1302; x_wconf 86' lang='lat' dir='ltr'>expedi-</span> 
     </span>
     <span class='ocr_line' id='line_1_16' title="bbox 305 1306 1591 1374; baseline 0.002 -21"><span class='ocrx_word' id='word_1_118' title='bbox 305 1322 376 1364; x_wconf 83' lang='lat' dir='ltr'>ta,</span> <span class='ocrx_word' id='word_1_119' title='bbox 406 1306 498 1353; x_wconf 87' lang='lat' dir='ltr'>illas</span> <span class='ocrx_word' id='word_1_120' title='bbox 522 1307 826 1370; x_wconf 72' lang='lat' dir='ltr'>sequentibus3</span> <span class='ocrx_word' id='word_1_121' title='bbox 858 1327 989 1374; x_wconf 88' lang='lat' dir='ltr'>quam</span> <span class='ocrx_word' id='word_1_122' title='bbox 1020 1310 1176 1358; x_wconf 86' lang='lat' dir='ltr'>acerba</span> <span class='ocrx_word' id='word_1_123' title='bbox 1204 1322 1247 1357; x_wconf 89' lang='lat' dir='ltr'>et</span> <span class='ocrx_word' id='word_1_124' title='bbox 1268 1310 1480 1372; x_wconf 86' lang='lat' dir='ltr'>implicita</span> <span class='ocrx_word' id='word_1_125' title='bbox 1509 1327 1591 1356; x_wconf 88' lang='lat' dir='ltr'>eo-</span> 
     </span>
     <span class='ocr_line' id='line_1_17' title="bbox 304 1379 1593 1448; baseline 0.005 -24"><span class='ocrx_word' id='word_1_126' title='bbox 304 1396 429 1437; x_wconf 84' lang='lat' dir='ltr'>rum,</span> <span class='ocrx_word' id='word_1_127' title='bbox 460 1379 536 1442; x_wconf 88' lang='lat' dir='ltr'>qui</span> <span class='ocrx_word' id='word_1_128' title='bbox 567 1381 770 1443; x_wconf 88' lang='lat' dir='ltr'>opinioni</span> <span class='ocrx_word' id='word_1_129' title='bbox 803 1383 898 1446; x_wconf 86' lang='lat' dir='ltr'>plus</span> <span class='ocrx_word' id='word_1_130' title='bbox 931 1400 1063 1448; x_wconf 88' lang='lat' dir='ltr'>quam</span> <span class='ocrx_word' id='word_1_131' title='bbox 1094 1395 1272 1430; x_wconf 86' lang='lat' dir='ltr'>naturae</span> <span class='ocrx_word' id='word_1_132' title='bbox 1303 1383 1593 1430; x_wconf 83' lang='lat' dir='ltr'>crediderunt.</span> 
     </span>
     <span class='ocr_line' id='line_1_18' title="bbox 305 1455 1595 1522; baseline 0.002 -22"><span class='ocrx_word' id='word_1_133' title='bbox 305 1455 428 1514; x_wconf 87' lang='lat' dir='ltr'>Quid</span> <span class='ocrx_word' id='word_1_134' title='bbox 446 1455 628 1503; x_wconf 80' lang='lat' dir='ltr'>istorum</span> <span class='ocrx_word' id='word_1_135' title='bbox 649 1458 907 1521; x_wconf 87' lang='lat' dir='ltr'>cupiditates</span> <span class='ocrx_word' id='word_1_136' title='bbox 927 1458 1090 1506; x_wconf 82' lang='lat' dir='ltr'>demit?</span> <span class='ocrx_word' id='word_1_137' title='bbox 1106 1458 1214 1522; x_wconf 90' lang='lat' dir='ltr'>quid</span> <span class='ocrx_word' id='word_1_138' title='bbox 1232 1457 1476 1519; x_wconf 82' lang='lat' dir='ltr'>temperat?</span> <span class='ocrx_word' id='word_1_139' title='bbox 1493 1458 1595 1504; x_wconf 81' lang='lat' dir='ltr'>Uti-</span> 
     </span>
     <span class='ocr_line' id='line_1_19' title="bbox 303 1530 1593 1593; baseline 0.002 -19"><span class='ocrx_word' id='word_1_140' title='bbox 303 1545 405 1574; x_wconf 89' lang='lat' dir='ltr'>nam</span> <span class='ocrx_word' id='word_1_141' title='bbox 426 1540 593 1576; x_wconf 85' lang='lat' dir='ltr'>tantum</span> <span class='ocrx_word' id='word_1_142' title='bbox 613 1547 705 1577; x_wconf 91' lang='lat' dir='ltr'>non</span> <span class='ocrx_word' id='word_1_143' title='bbox 727 1531 1004 1593; x_wconf 79' lang='lat' dir='ltr'>prodessent!</span> <span class='ocrx_word' id='word_1_144' title='bbox 1033 1543 1210 1579; x_wconf 88' lang='lat' dir='ltr'>nocent.</span> <span class='ocrx_word' id='word_1_145' title='bbox 1231 1531 1332 1579; x_wconf 90' lang='lat' dir='ltr'>Hoc</span> <span class='ocrx_word' id='word_1_146' title='bbox 1352 1530 1430 1579; x_wconf 88' lang='lat' dir='ltr'>tibi</span> <span class='ocrx_word' id='word_1_147' title='bbox 1448 1566 1462 1588; x_wconf 86' lang='lat'>,</span> <span class='ocrx_word' id='word_1_148' title='bbox 1490 1547 1593 1577; x_wconf 83' lang='lat' dir='ltr'>curn</span> 
     </span>
     <span class='ocr_line' id='line_1_20' title="bbox 298 1599 1593 1666; baseline 0.005 -22"><span class='ocrx_word' id='word_1_149' title='bbox 298 1599 453 1656; x_wconf 75' lang='lat' dir='ltr'>voles,</span> <span class='ocrx_word' id='word_1_150' title='bbox 475 1601 867 1650; x_wconf 80' lang='lat' dir='ltr'>manifestiffimum</span> <span class='ocrx_word' id='word_1_151' title='bbox 886 1603 1042 1651; x_wconf 87' lang='lat' dir='ltr'>faciam</span> <span class='ocrx_word' id='word_1_152' title='bbox 1057 1640 1071 1661; x_wconf 94' lang='lat'>,</span> <span class='ocrx_word' id='word_1_153' title='bbox 1091 1616 1134 1650; x_wconf 88' lang='lat' dir='ltr'>et</span> <span class='ocrx_word' id='word_1_154' title='bbox 1152 1603 1395 1666; x_wconf 66' lang='lat' dir='ltr'>comminui</span> <span class='ocrx_word' id='word_1_155' title='bbox 1411 1619 1454 1649; x_wconf 90' lang='lat' dir='ltr'>et</span> <span class='ocrx_word' id='word_1_156' title='bbox 1471 1604 1593 1650; x_wconf 83' lang='lat' dir='ltr'>debi—</span> 
     </span>
     <span class='ocr_line' id='line_1_21' title="bbox 302 1665 1592 1740; baseline 0.003 -22"><span class='ocrx_word' id='word_1_157' title='bbox 302 1673 417 1719; x_wconf 72' lang='lat' dir='ltr'>3itari</span> <span class='ocrx_word' id='word_1_158' title='bbox 434 1675 688 1736; x_wconf 83' lang='lat' dir='ltr'>generosam</span> <span class='ocrx_word' id='word_1_159' title='bbox 703 1665 899 1724; x_wconf 79' lang='lat' dir='ltr'>indolein</span> <span class='ocrx_word' id='word_1_160' title='bbox 916 1715 930 1735; x_wconf 91' lang='lat'>,</span> <span class='ocrx_word' id='word_1_161' title='bbox 948 1679 993 1724; x_wconf 87' lang='lat' dir='ltr'>in</span> <span class='ocrx_word' id='word_1_162' title='bbox 1011 1677 1108 1724; x_wconf 85' lang='lat' dir='ltr'>istas</span> <span class='ocrx_word' id='word_1_163' title='bbox 1125 1677 1313 1740; x_wconf 84' lang='lat' dir='ltr'>argutias</span> <span class='ocrx_word' id='word_1_164' title='bbox 1333 1676 1592 1723; x_wconf 71' lang='lat' dir='ltr'>conie&amp;am.</span> 
     </span>
     <span class='ocr_line' id='line_1_22' title="bbox 304 1748 1594 1811; baseline -0.001 -17"><span class='ocrx_word' id='word_1_165' title='bbox 304 1748 445 1794; x_wconf 78' lang='lat' dir='ltr'>Pudet</span> <span class='ocrx_word' id='word_1_166' title='bbox 465 1748 626 1808; x_wconf 83' lang='lat' dir='ltr'>dicere,</span> <span class='ocrx_word' id='word_1_167' title='bbox 648 1762 803 1797; x_wconf 89' lang='lat' dir='ltr'>contra</span> <span class='ocrx_word' id='word_1_168' title='bbox 824 1750 1050 1797; x_wconf 83' lang='lat' dir='ltr'>fortunam</span> <span class='ocrx_word' id='word_1_169' title='bbox 1072 1749 1335 1806; x_wconf 86' lang='lat' dir='ltr'>militaturis,</span> <span class='ocrx_word' id='word_1_170' title='bbox 1356 1764 1466 1811; x_wconf 89' lang='lat' dir='ltr'>quae</span> <span class='ocrx_word' id='word_1_171' title='bbox 1485 1764 1594 1809; x_wconf 88' lang='lat' dir='ltr'>por-</span> 
     </span>
     <span class='ocr_line' id='line_1_23' title="bbox 306 1820 1594 1886; baseline 0.001 -21"><span class='ocrx_word' id='word_1_172' title='bbox 306 1820 448 1883; x_wconf 73' lang='lat' dir='ltr'>rigant</span> <span class='ocrx_word' id='word_1_173' title='bbox 468 1821 550 1867; x_wconf 84' lang='lat' dir='ltr'>tela</span> <span class='ocrx_word' id='word_1_174' title='bbox 568 1854 582 1877; x_wconf 92' lang='lat'>‚</span> <span class='ocrx_word' id='word_1_175' title='bbox 610 1824 988 1886; x_wconf 86' lang='lat' dir='ltr'>quemadmodum</span> <span class='ocrx_word' id='word_1_176' title='bbox 1004 1824 1112 1871; x_wconf 15' lang='lat' dir='ltr'>,illos</span> <span class='ocrx_word' id='word_1_177' title='bbox 1139 1824 1390 1870; x_wconf 90' lang='lat' dir='ltr'>subornent.</span> <span class='ocrx_word' id='word_1_178' title='bbox 1419 1823 1514 1869; x_wconf 90' lang='lat' dir='ltr'>Hac</span> <span class='ocrx_word' id='word_1_179' title='bbox 1539 1821 1594 1866; x_wconf 87' lang='lat' dir='ltr'>ad</span> 
     </span>
     <span class='ocr_line' id='line_1_24' title="bbox 304 1894 1593 1961; baseline -0.001 -21"><span class='ocrx_word' id='word_1_180' title='bbox 304 1894 524 1942; x_wconf 77' lang='lat' dir='ltr'>summum</span> <span class='ocrx_word' id='word_1_181' title='bbox 553 1897 723 1945; x_wconf 87' lang='lat' dir='ltr'>bonum</span> <span class='ocrx_word' id='word_1_182' title='bbox 755 1898 874 1944; x_wconf 86' lang='lat' dir='ltr'>itur?</span> <span class='ocrx_word' id='word_1_183' title='bbox 914 1915 993 1961; x_wconf 86' lang='lat' dir='ltr'>per</span> <span class='ocrx_word' id='word_1_184' title='bbox 1022 1897 1135 1944; x_wconf 86' lang='lat' dir='ltr'>istud</span> <span class='ocrx_word' id='word_1_185' title='bbox 1165 1895 1469 1959; x_wconf 83' lang='lat' dir='ltr'>philosophiae</span> <span class='ocrx_word' id='word_1_186' title='bbox 1498 1894 1593 1940; x_wconf 74' lang='lat' dir='ltr'>sunt</span> 
     </span>
     <span class='ocr_line' id='line_1_25' title="bbox 306 1967 1591 2035; baseline -0.001 -22"><span class='ocrx_word' id='word_1_187' title='bbox 306 1967 486 2030; x_wconf 85' lang='lat' dir='ltr'>nigrae,</span> <span class='ocrx_word' id='word_1_188' title='bbox 515 1981 557 2016; x_wconf 91' lang='lat' dir='ltr'>et</span> <span class='ocrx_word' id='word_1_189' title='bbox 587 1981 762 2034; x_wconf 88' lang='lat' dir='ltr'>turpes,</span> <span class='ocrx_word' id='word_1_190' title='bbox 788 1971 1088 2035; x_wconf 87' lang='lat' dir='ltr'>infamesque,</span> <span class='ocrx_word' id='word_1_191' title='bbox 1120 1970 1247 2018; x_wconf 85' lang='lat' dir='ltr'>etiam</span> <span class='ocrx_word' id='word_1_192' title='bbox 1277 1970 1331 2016; x_wconf 89' lang='lat' dir='ltr'>ad</span> <span class='ocrx_word' id='word_1_193' title='bbox 1355 1969 1505 2015; x_wconf 88' lang='lat' dir='ltr'>album</span> <span class='ocrx_word' id='word_1_194' title='bbox 1529 1968 1591 2012; x_wconf 87' lang='lat' dir='ltr'>se-</span> 
     </span>
     <span class='ocr_line' id='line_1_26' title="bbox 306 2041 1592 2106; baseline 0.002 -20"><span class='ocrx_word' id='word_1_195' title='bbox 306 2041 510 2089; x_wconf 86' lang='lat' dir='ltr'>dentibus</span> <span class='ocrx_word' id='word_1_196' title='bbox 525 2077 538 2099; x_wconf 92' lang='lat'>,</span> <span class='ocrx_word' id='word_1_197' title='bbox 556 2044 855 2106; x_wconf 85' lang='lat' dir='ltr'>exceptiones.</span> <span class='ocrx_word' id='word_1_198' title='bbox 879 2044 1002 2105; x_wconf 83' lang='lat' dir='ltr'>Quid</span> <span class='ocrx_word' id='word_1_199' title='bbox 1020 2043 1138 2091; x_wconf 88' lang='lat' dir='ltr'>enim</span> <span class='ocrx_word' id='word_1_200' title='bbox 1167 2042 1284 2089; x_wconf 86' lang='lat' dir='ltr'>aliud</span> <span class='ocrx_word' id='word_1_201' title='bbox 1308 2041 1432 2105; x_wconf 84' lang='lat' dir='ltr'>agitis</span> <span class='ocrx_word' id='word_1_202' title='bbox 1448 2076 1462 2097; x_wconf 96' lang='lat'>,</span> <span class='ocrx_word' id='word_1_203' title='bbox 1491 2056 1592 2087; x_wconf 88' lang='lat' dir='ltr'>cum</span> 
     </span>
     <span class='ocr_line' id='line_1_27' title="bbox 308 2113 1593 2180; baseline -0.003 -19"><span class='ocrx_word' id='word_1_204' title='bbox 308 2131 413 2161; x_wconf 87' lang='lat' dir='ltr'>eum</span> <span class='ocrx_word' id='word_1_205' title='bbox 441 2132 574 2180; x_wconf 88' lang='lat' dir='ltr'>quem</span> <span class='ocrx_word' id='word_1_206' title='bbox 595 2117 900 2180; x_wconf 88' lang='lat' dir='ltr'>interrogatis,</span> <span class='ocrx_word' id='word_1_207' title='bbox 929 2116 1112 2164; x_wconf 88' lang='lat' dir='ltr'>scientes</span> <span class='ocrx_word' id='word_1_208' title='bbox 1131 2115 1175 2161; x_wconf 83' lang='lat' dir='ltr'>in</span> <span class='ocrx_word' id='word_1_209' title='bbox 1194 2114 1393 2161; x_wconf 86' lang='lat' dir='ltr'>fraudem</span> <span class='ocrx_word' id='word_1_210' title='bbox 1419 2113 1593 2158; x_wconf 84' lang='lat' dir='ltr'>induci-</span> 
     </span>
     <span class='ocr_line' id='line_1_28' title="bbox 308 2185 1594 2252; baseline -0.001 -20"><span class='ocrx_word' id='word_1_211' title='bbox 308 2185 363 2232; x_wconf 85' lang='lat' dir='ltr'>tis</span> <span class='ocrx_word' id='word_1_212' title='bbox 377 2222 392 2244; x_wconf 93' lang='lat'>,</span> <span class='ocrx_word' id='word_1_213' title='bbox 414 2204 546 2252; x_wconf 83' lang='lat' dir='ltr'>quarn</span> <span class='ocrx_word' id='word_1_214' title='bbox 569 2204 620 2236; x_wconf 89' lang='lat' dir='ltr'>ut</span> <span class='ocrx_word' id='word_1_215' title='bbox 643 2188 836 2236; x_wconf 89' lang='lat' dir='ltr'>formula</span> <span class='ocrx_word' id='word_1_216' title='bbox 856 2187 1054 2237; x_wconf 74' lang='lat' dir='ltr'>cecidisse</span> <span class='ocrx_word' id='word_1_217' title='bbox 1085 2187 1309 2236; x_wconf 88' lang='lat' dir='ltr'>videatur?</span> <span class='ocrx_word' id='word_1_218' title='bbox 1336 2185 1419 2232; x_wconf 89' lang='lat' dir='ltr'>Sed</span> <span class='ocrx_word' id='word_1_219' title='bbox 1437 2201 1594 2248; x_wconf 89' lang='lat' dir='ltr'>quem-</span> 
     </span>
     <span class='ocr_line' id='line_1_29' title="bbox 307 2257 1591 2326; baseline -0.002 -20"><span class='ocrx_word' id='word_1_220' title='bbox 307 2260 553 2309; x_wconf 88' lang='lat' dir='ltr'>admodum</span> <span class='ocrx_word' id='word_1_221' title='bbox 572 2262 693 2310; x_wconf 88' lang='lat' dir='ltr'>illum</span> <span class='ocrx_word' id='word_1_222' title='bbox 713 2274 887 2326; x_wconf 89' lang='lat' dir='ltr'>praetor</span> <span class='ocrx_word' id='word_1_223' title='bbox 903 2294 918 2318; x_wconf 90' lang='lat'>‚</span> <span class='ocrx_word' id='word_1_224' title='bbox 942 2261 1000 2310; x_wconf 86' lang='lat' dir='ltr'>fic</span> <span class='ocrx_word' id='word_1_225' title='bbox 1016 2261 1098 2308; x_wconf 88' lang='lat' dir='ltr'>hos</span> <span class='ocrx_word' id='word_1_226' title='bbox 1115 2259 1395 2324; x_wconf 81' lang='lat' dir='ltr'>philosophia</span> <span class='ocrx_word' id='word_1_227' title='bbox 1411 2259 1459 2305; x_wconf 88' lang='lat' dir='ltr'>in</span> <span class='ocrx_word' id='word_1_228' title='bbox 1475 2257 1591 2303; x_wconf 89' lang='lat' dir='ltr'>inte-</span> 
     </span>
     <span class='ocr_line' id='line_1_30' title="bbox 308 2330 1637 2398; baseline -0.003 -18"><span class='ocrx_word' id='word_1_229' title='bbox 308 2349 439 2396; x_wconf 84' lang='lat' dir='ltr'>grum</span> <span class='ocrx_word' id='word_1_230' title='bbox 461 2335 655 2384; x_wconf 89' lang='lat' dir='ltr'>restituit.</span> <span class='ocrx_word' id='word_1_231' title='bbox 677 2337 801 2397; x_wconf 85' lang='lat' dir='ltr'>Quid</span> <span class='ocrx_word' id='word_1_232' title='bbox 820 2335 1038 2383; x_wconf 87' lang='lat' dir='ltr'>disceditis</span> <span class='ocrx_word' id='word_1_233' title='bbox 1061 2335 1115 2382; x_wconf 91' lang='lat' dir='ltr'>ab</span> <span class='ocrx_word' id='word_1_234' title='bbox 1139 2333 1386 2398; x_wconf 86' lang='lat' dir='ltr'>ingentibus</span> <span class='ocrx_word' id='word_1_235' title='bbox 1404 2330 1595 2395; x_wconf 88' lang='lat' dir='ltr'>promis·</span> <span class='ocrx_word' id='word_1_236' title='bbox 1634 2337 1637 2341; x_wconf 84' lang='lat'>&#39;</span> 
     </span>
     <span class='ocr_line' id='line_1_31' title="bbox 307 2402 1629 2471; baseline -0.004 -18"><span class='ocrx_word' id='word_1_237' title='bbox 307 2407 360 2454; x_wconf 79' lang='lat' dir='ltr'>fis</span> <span class='ocrx_word' id='word_1_238' title='bbox 374 2443 387 2466; x_wconf 96' lang='lat'>,</span> <span class='ocrx_word' id='word_1_239' title='bbox 419 2419 462 2454; x_wconf 87' lang='lat' dir='ltr'>et</span> <span class='ocrx_word' id='word_1_240' title='bbox 478 2408 658 2471; x_wconf 85' lang='lat' dir='ltr'>grandia</span> <span class='ocrx_word' id='word_1_241' title='bbox 672 2406 813 2456; x_wconf 80' lang='lat' dir='ltr'>locuti</span> <span class='ocrx_word' id='word_1_242' title='bbox 832 2441 848 2462; x_wconf 89' lang='lat'>‚</span> <span class='ocrx_word' id='word_1_243' title='bbox 879 2407 1113 2455; x_wconf 63' lang='lat' dir='ltr'>effecturos</span> <span class='ocrx_word' id='word_1_244' title='bbox 1139 2424 1222 2454; x_wconf 89' lang='lat' dir='ltr'>vos</span> <span class='ocrx_word' id='word_1_245' title='bbox 1239 2442 1253 2466; x_wconf 91' lang='lat'>‚</span> <span class='ocrx_word' id='word_1_246' title='bbox 1279 2418 1330 2452; x_wconf 86' lang='lat' dir='ltr'>ut</span> <span class='ocrx_word' id='word_1_247' title='bbox 1348 2419 1437 2450; x_wconf 85' lang='lat' dir='ltr'>non</span> <span class='ocrx_word' id='word_1_248' title='bbox 1455 2402 1593 2465; x_wconf 74' lang='lat' dir='ltr'>magis</span> <span class='ocrx_word' id='word_1_249' title='bbox 1627 2437 1629 2440; x_wconf 73' lang='lat'><em>.</em></span> 
     </span>
     <span class='ocr_line' id='line_1_32' title="bbox 309 2476 1591 2546; baseline -0.008 -16"><span class='ocrx_word' id='word_1_250' title='bbox 309 2483 403 2530; x_wconf 86' lang='lat' dir='ltr'>auri</span> <span class='ocrx_word' id='word_1_251' title='bbox 421 2481 590 2546; x_wconf 84' lang='lat' dir='ltr'>fulgor,</span> <span class='ocrx_word' id='word_1_252' title='bbox 620 2499 752 2546; x_wconf 80' lang='lat' dir='ltr'>quam</span> <span class='ocrx_word' id='word_1_253' title='bbox 782 2481 942 2546; x_wconf 84' lang='lat' dir='ltr'>gladii,</span> <span class='ocrx_word' id='word_1_254' title='bbox 969 2479 1223 2544; x_wconf 77' lang='lat' dir='ltr'>perstringat</span> <span class='ocrx_word' id='word_1_255' title='bbox 1252 2476 1406 2526; x_wconf 86' lang='lat' dir='ltr'>oculos</span> <span class='ocrx_word' id='word_1_256' title='bbox 1435 2490 1591 2532; x_wconf 80' lang='lat' dir='ltr'>meos,</span> 
     </span>
    </p>
   </div>
   <div class='ocr_carea' id='block_1_3' title="bbox 1719 0 1807 3004">
    <p class='ocr_par' dir='ltr' id='par_1_3' title="bbox 1719 0 1807 3004">
     <span class='ocr_line' id='line_1_33' title="bbox 1719 0 1807 3004; baseline 0 0"><span class='ocrx_word' id='word_1_257' title='bbox 1719 0 1807 3004; x_wconf 95' lang='lat' dir='ltr'> </span> 
     </span>
    </p>
   </div>
  </div>
 </body>
</html>
