1797 2956
309 184 400 229 „4
534 139 1353 212 L'ANNAEtSENEcAE

307 274 359 321 sis
379 290 457 336 per
475 289 585 336 quae
603 273 805 334 cupimus
825 272 1009 335 fatigatis
1025 308 1035 326 ,
1067 290 1116 319 ac
1140 271 1458 320 deficientibus.
1490 274 1595 320 Inde

308 346 509 393 morosus
535 344 595 392 est
624 344 873 391 stomachus
899 362 909 391 ε
942 345 1043 390 inde
1064 362 1255 407 quorum
1284 343 1365 390 fuit
1388 345 1599 402 aviditas,

307 420 461 466 odium
488 419 548 481 est
570 417 807 465 :desideria
834 417 923 480 ipsa
949 417 1212 466 moriuntur.
1238 419 1343 465 Non
1363 417 1423 464 est
1451 430 1598 463 autem

308 494 540 549 acerbum,
563 509 709 539 carere
734 508 790 538 eo
807 528 822 549 ‚
846 492 968 555 quod
1000 509 1160 555 cupere
1190 492 1378 539 defieris.
1412 491 1562 539 Adiice
1582 524 1596 547 ,

309 566 436 627 quod
472 565 610 611 nullus
646 580 736 610 non
768 564 1073 611 intermittitur
1102 565 1252 623 dolor,
1282 580 1354 611 aut
1382 578 1498 612 certe
1525 582 1598 612 re-

312 637 512 685 mittitur.
555 637 738 692 Adiice‚
777 638 897 699 quod
933 638 1034 684 licet
1068 650 1111 684 et
1146 654 1304 683 cavere
1336 652 1598 694 venturum,

313 722 358 756 et
389 709 592 757 obsistere
632 710 879 756 imminenti
911 710 1125 756 remediis.
1167 710 1320 756 Nullus
1350 712 1465 757 enim
1509 728 1601 757 non

313 783 429 846 signa
454 784 715 844 praemittit,
737 784 893 845 utique
915 784 991 847 qui
1009 801 1063 830 ex
1082 783 1213 830 solito
1235 786 1485 831 revertitur.
1511 787 1602 832 To·

311 858 500 905 lerabilis
523 858 584 905 est
617 858 763 904 morbi
783 857 997 919 patientia
1016 891 1028 913 ,
1053 855 1081 902 si
1105 858 1388 904 contemseris
1416 857 1456 902 id
1479 858 1603 920 quod

312 944 556 980 extremum
588 933 793 978 minatur,
851 930 955 976 Noli
995 930 1103 975 mala
1142 944 1214 976 tua
1246 929 1386 976 facere
1414 930 1494 976 tibi
1527 929 1604 991 ipfi

314 1006 547 1070 graviora,
581 1019 623 1052 et
652 1019 693 1053 te
723 993 914 1067 querelis
945 1020 1127 1050 onerare
1158 1022 1167 1050 :
1195 1004 1306 1051 levis
1340 1005 1470 1050 dolor
1508 1004 1569 1050 est
1590 1039 1605 1062 ,

314 1079 346 1126 fi
380 1079 486 1125 nihil
515 1079 574 1125 illi
602 1079 758 1141 opinio
790 1078 1010 1123 adiecerit.
1039 1078 1235 1135 Contra,
1264 1077 1294 1123 st
1325 1078 1544 1124 exhortari
1563 1091 1606 1125 te

315 1153 543 1216 coeperis,
577 1170 626 1199 ac
654 1152 796 1199 dicere
817 1188 830 1208 ‚
861 1152 983 1196 Nihil
1014 1150 1101 1208 est,
1129 1168 1201 1198 aut
1224 1167 1339 1198 certe
1358 1187 1370 1206 ‚
1399 1153 1604 1216 exiguum

314 1227 409 1281 est;
438 1228 667 1281 duremus,
701 1226 786 1270 iam
814 1225 977 1270 desinet
999 1243 1007 1269 :
1030 1224 1172 1271 levem
1205 1224 1352 1282 illum,
1380 1225 1485 1270 dum
1520 1242 1606 1288 pu·

318 1315 412 1355 tas,
441 1300 585 1347 facies.
628 1298 793 1346 Omnia
819 1316 873 1344 ex
898 1299 1114 1360 opinione
1143 1299 1339 1361 suspensa
1371 1299 1482 1346 sunt.
1514 1317 1607 1347 non

320 1376 503 1424 ambitio
533 1389 697 1422 tantum
721 1374 772 1418 ad
799 1372 915 1418 illam
937 1372 1134 1434 respicit,
1155 1386 1196 1418 et
1216 1374 1413 1428 luxuria,
1440 1389 1483 1420 et
1502 1390 1610 1421 ava-

320 1449 417 1496 ritia
445 1467 454 1494 :
482 1447 536 1494 ad
561 1447 820 1509 cpinionem
852 1447 1067 1492 dolemus.
1095 1448 1210 1493 Tam
1245 1447 1371 1494 miser
1402 1448 1463 1493 est
1495 1448 1611 1510 quis·

322 1543 430 1590 que,
460 1540 591 1587 quam
625 1522 778 1568 credit.
816 1520 1121 1568 Detrahendas
1153 1523 1489 1583 praeteritorum
1523 1522 1611 1568 do-

321 1600 465 1647 lorum
499 1596 842 1660 conquestiones
869 1610 979 1659 puto
996 1632 1008 1653 ,
1036 1609 1078 1642 et
1105 1597 1176 1642 illa
1200 1598 1335 1643 verba
1359 1614 1369 1643 z
1393 1597 1517 1642 Nulli
1537 1614 1613 1643 un·

324 1688 455 1733 quam
486 1669 569 1717 fuit
598 1671 733 1733 peius.
767 1671 896 1729 Quos
924 1669 1166 1724 cruciatus,
1195 1683 1356 1732 quanta
1384 1671 1493 1715 mala
1521 1687 1615 1732 per-

326 1744 435 1790 tuli?
469 1758 606 1790 nemo
647 1758 718 1788 me
750 1741 1043 1787 surreEturum
1078 1742 1261 1802 putavit.
1305 1742 1496 1801 Quoties
1533 1742 1612 1787 de-

326 1819 526 1882 ploratus
549 1817 641 1863 sum
663 1832 686 1861 a
715 1815 846 1872 meis,
871 1815 1045 1877 quoties
1074 1833 1097 1860 a
1122 1816 1304 1862 medicis
1325 1816 1532 1863 relictus?
1566 1820 1613 1862 In

328 1891 563 1954 equuleum
611 1888 802 1951 impositi
839 1905 931 1934 non
977 1889 1033 1934 fic
1070 1889 1379 1936 distrahuntur.
1436 1888 1613 1936 Etiamsi

328 1964 422 2011 sunt
445 1978 548 2008 vera
567 1961 658 2017 ista,
679 1961 950 2008 transierunt.
976 1961 1098 2021 Quid
1119 1961 1239 2007 iuvat
1261 1961 1515 2024 praeteritos
1535 1962 1617 2008 do-

329 2038 446 2083 lores
477 2035 705 2081 retractare
722 2070 736 2092 ,
759 2049 803 2082 et
828 2035 1032 2081 miserum
1054 2035 1139 2081 effe
1159 2035 1255 2098 quia
1279 2035 1445 2083 fueris?
1472 2036 1617 2096 Quid,

333 2109 458 2172 quod
473 2124 606 2153 nemo
623 2125 713 2153 non
730 2108 915 2154 multum
936 2107 1059 2154 malis
1078 2107 1159 2154 suis
1173 2107 1348 2165 adiicit,
1368 2123 1410 2154 et
1430 2106 1504 2153 fibi
1526 2107 1616 2169 ipse

333 2183 546 2230 mentitur
567 2188 582 2228 ?
618 2183 792 2229 Deinde
814 2182 937 2245 quod
963 2181 1169 2228 acerbum
1198 2182 1306 2240 fuit,
1334 2182 1521 2233 retulisse
1546 2181 1617 2227 iu-

338 2260 529 2306 cundum
553 2258 627 2305 est.
661 2259 853 2304 naturale
874 2256 962 2314 est,
982 2256 1085 2302 mali
1111 2256 1171 2303 sui
1193 2255 1280 2302 fine
1303 2256 1505 2320 gaudere.
1525 2255 1619 2301 Cir-

333 2331 624 2379 cumcidenda
644 2347 751 2394 ergo
770 2331 860 2377 duo
883 2330 980 2377 sunt
998 2362 1012 2386 ‚
1032 2344 1073 2376 et
1091 2328 1228 2376 futuri
1245 2329 1381 2376 timor
1395 2365 1408 2388 ,
1437 2342 1480 2375 et
1495 2343 1618 2375 vete-

334 2405 393 2452 ris
418 2405 696 2451 incommodi
716 2403 930 2450 memoria
953 2421 963 2449 t
985 2403 1074 2450 hoc
1103 2403 1156 2450 ad
1177 2418 1246 2448 me
1267 2401 1352 2447 iam
1375 2417 1466 2447 non
1487 2399 1619 2464 perti-

335 2492 428 2539 net,
439 2478 545 2526 illud
559 2478 775 2527 nondum.
791 2480 840 2524 ln
852 2476 951 2541 ipsis
963 2475 1129 2541 politus
1148 2474 1472 2526 difficultatibus
1483 2473 1619 2522 dicat:
