1807 3004
516 168 1096 219 EPISTOLAE,
1358 191 1438 239 191

444 300 919 348 EP1STOLA
1006 299 1176 348 LXV.

177 432 460 498 Phystologica
490 436 657 492 trafc'az,
687 440 732 482 de
763 438 901 497 Causa
934 435 976 483 G*
997 440 1191 484 Materia.
1225 440 1446 500 Quatenus·

236 507 458 570 utiliasint
473 543 485 563 ,
512 511 624 554 docet
645 511 716 572 :st
735 529 825 555 cum
854 514 974 555 modo
1000 511 1242 568 traHentur,
1275 510 1318 557 ὅ*
1341 515 1448 559 bono

229 583 332 640 fine,
353 582 399 623 id
418 579 470 638 est
488 583 607 626 vitae.
627 584 784 626 Artolli
791 600 869 641 per
879 583 976 627 llaec
995 585 1182 628 ani-mum
1205 587 1263 628 ad
1275 585 1421 630 ⁴Deum
1436 619 1452 643 ,

236 653 283 699 δ’
305 655 544 718 Honestum,

179 760 573 877 HESTERNUM
606 827 720 875 diem
752 825 877 876 divisi
912 847 1012 876 cum
1046 826 1156 876 maia
1186 827 1452 882 valetudine„

171 900 664 963 antemeridianumilla
691 899 764 945 fibi
795 900 1069 956 vindicavit,
1104 901 1449 963 postmeridiano

175 968 285 1017 mihi
310 973 441 1018 oeffit.
465 977 612 1036 ltaque
631 973 813 1020 lectione
841 973 1029 1035 primum
1058 974 1221 1020 tentavi
1243 974 1453 1024 animum.

180 1045 336 1091 deinde
360 1062 457 1091 cum
484 1045 594 1092 hanc
617 1045 868 1106 recepiffet,
889 1046 983 1108 plus
1008 1045 1066 1091 illi
1087 1046 1302 1109 imperare
1332 1048 1454 1095 ausus

175 1117 294 1176 sum,
325 1118 466 1163 immo
490 1119 756 1180 permittere.
801 1114 977 1181 Aliquid
1000 1117 1172 1181 scripfi,
1205 1131 1250 1165 et
1273 1120 1453 1183 quidem

179 1188 411 1246 intentius,
446 1205 576 1251 quam
615 1188 766 1248 soleo,
792 1191 898 1235 dum
931 1207 1032 1237 cum
1071 1190 1252 1237 materia
1287 1191 1454 1243 difficili

178 1263 426 1317 contendo,
451 1275 493 1308 et
512 1263 633 1309 vinci
662 1260 768 1308 noio
793 1280 803 1306 ε
826 1259 968 1309 donec
990 1262 1322 1311 intervenerunt
1346 1267 1456 1312 ami-⁵

179 1335 247 1393 ci,
275 1335 350 1398 qui
371 1334 478 1381 mihi
503 1336 594 1381 vim
621 1334 847 1391 afferrent,
877 1350 920 1381 et
944 1347 1147 1399 tanquam
1178 1353 1354 1399 aegrum
1385 1339 1458 1385 in-

179 1423 497 1472 temperantem
523 1406 794 1455 coercerent,
825 1411 871 1455 in
900 1409 1047 1455 locum
1078 1408 1157 1456 'stili
1191 1410 1333 1457 sermo
1357 1408 1455 1459 suc-

180 1483 312 1530 ceffit.
336 1500 389 1528 ex
418 1499 509 1545 quo
531 1499 626 1528 eam
654 1494 822 1545 partem
856 1482 911 1528 ad
931 1497 972 1528 te
1002 1481 1242 1545 perferam,
1272 1499 1383 1546 quae
1413 1485 1459 1532 in

181 1556 256 1602 lite
287 1552 361 1602 est.
391 1567 433 1602 te
464 1551 676 1601 arbitrum
708 1555 964 1618 adegimus'?
1000 1554 1096 1618 plus
1129 1555 1291 1618 negotii
1325 1558 1459 1606 habes

182 1647 312 1694 quam
339 1627 568 1675 existimas.
606 1626 785 1691 Triplex
815 1629 938 1676 causa
968 1628 1040 1676 est.
1066 1629 1261 1685 Dicunt⁹
1284 1643 1331 1676 ut
1357 1632 1459 1688 scis,

179 1702 320 1754 Stoici
349 1697 510 1758 nostri,
536 1700 626 1748 duo
657 1701 742 1749 effe
767 1702 811 1748 in
839 1718 983 1748 rerum
1011 1714 1158 1748 natura
1175 1738 1188 1758 ,
1215 1719 1270 1748 ex
1299 1706 1462 1766 qttibus

181 1776 333 1822 omnia
364 1770 497 1821 fiant:
519 1775 688 1821 causam
709 1788 752 1821 et
776 1775 1013 1823 materiam.
1047 1775 1229 1821 Materia
1254 1777 1364 1822 iacet
1393 1778 1460 1823 in—

182 1865 280 1906 ers,
305 1865 371 1895 res
403 1847 456 1894 ad
484 1846 633 1893 omnia
667 1861 840 1909 parata,
864 1847 1102 1905 cessatura,
1131 1847 1161 1892 fi
1194 1864 1327 1895 nemo
1355 1866 1458 1895 mo·-

184 1936 295 1970 vea't.
316 1921 453 1968 Causa
467 1923 608 1967 autem
625 1956 637 1977 ‚
651 1921 694 1966 id
715 1918 798 1978 est,
823 1921 950 1978 ratio,
972 1920 1194 1966 materiam
1217 1917 1397 1980 format,
1417 1934 1461 1970 et

183 2011 450 2057 quocunque
474 1994 566 2040 vult
583 1994 724 2041 versat
742 2011 752 2038 :
781 2011 835 2039 ex
853 1994 925 2039 illa
944 1994 1062 2040 varia
1082 2010 1218 2055 opera
1239 1996 1461 2056 producit,

187 2066 283 2114 Esse
302 2067 429 2114 debet
449 2084 555 2130 ergo
579 2067 696 2112 unde
715 2066 878 2129 aliquid
906 2065 994 2124 fiat,
1018 2066 1176 2112 deinde
1197 2084 1219 2113 a
1239 2084 1331 2130 quo
1353 2065 1427 2114 fiat
1448 2086 1460 2114 :

183 2142 271 2188 hoc
299 2139 423 2187 causa
445 2139 530 2197 est,
557 2141 662 2186 illud
690 2140 882 2186 materia.
911 2141 1070 2187 Omnis
1097 2157 1163 2187 ars
1188 2141 1373 2188 imitatio
1399 2138 1460 2190 est

188 2226 362 2260 naturae
382 2231 392 2259 :
412 2212 553 2276 itaque
573 2214 695 2276 quod
721 2214 774 2258 de
795 2213 1002 2260 universo
1031 2213 1227 2259 dicebam
1243 2249 1256 2269 ,
1280 2215 1331 2259 ad
1354 2214 1461 2262 haee

189 2285 399 2343 transfer,
430 2303 540 2348 quae
572 2286 625 2332 ab
658 2286 838 2331 homine
870 2284 1065 2331 facienda
1095 2285 1201 2331 sunt.
1249 2287 1392 2331 Statua
1420 2295 1462 2332 et

189 2357 412 2404 materiam
437 2357 616 2415 habuit,
643 2374 753 2421 quae
780 2368 1000 2419 pateretur
1031 2354 1257 2401 artificium
1289 2373 1298 2400 :
1325 2366 1367 2401 et
1389 2372 1465 2401 ar-

193 2430 388 2491 tificem,
419 2430 499 2495 qui
519 2430 721 2479 materiae
757 2430 878 2477 daret
910 2425 1084 2476 faciem,
1109 2430 1227 2492 Ergo
1257 2428 1302 2474 in
1335 2427 1468 2475 statua
