1807 3004
548 206 1121 256 EPISTOLAE.
1381 214 1469 276 289

202 322 344 361 entem
358 313 519 360 referre
542 314 720 375 gratiam
747 313 866 360 seire.
890 315 1064 361 Deinde
1079 317 1191 367 idem
1210 318 1472 375 admiratur,

202 404 303 434 cum
324 386 507 431 dicimus
526 421 538 437 ,
565 386 689 431 Solus
708 387 869 448 sapiens
890 387 964 434 stit
980 404 1144 446 amare,
1179 389 1290 436 solus
1309 391 1475 452 sapiens

201 462 363 507 amicus
383 458 457 504 est.
480 460 613 522 Atqui
631 472 673 505 et
693 461 852 507 amoris
876 476 918 508 et
942 462 1158 508 amicitiae
1179 481 1275 526 pars
1295 466 1355 511 est
1371 502 1383 522 ,
1405 483 1475 511 re-

202 534 315 580 ferre
348 533 527 594 gratiam
559 549 570 577 ε
602 532 742 578 immo
766 532 853 579 hoc
879 533 1014 596 magis
1043 530 1221 597 'vulgare
1252 536 1339 590 est,
1365 551 1408 583 et
1428 535 1474 584 in

201 608 344 670 plures
367 607 503 663 catlit,
523 623 655 667 quam
678 623 780 651 vera
798 606 997 654 amicitia⁴⁷
1019 607 1192 652 Deinde
1210 608 1324 653 idem
1339 610 1475 655 adrni-

200 695 340 733 ratur‚
360 678 483 739 quod
512 677 697 723 dicimus
716 676 846 723 fidem
877 677 951 722 nifi
981 678 1024 722 in
1046 679 1232 739 sapiente
1254 695 1341 724 non
1362 680 1444 726 effe
1463 694 1474 726 2

199 765 406 814 tanquam
434 766 524 795 non
548 752 633 811 ipse
656 752 769 796 idem
798 751 925 797 dieat.
949 756 1014 796 An
1036 750 1116 796 tibi
1143 751 1314 798 videtur
1342 752 1474 799 fidem

199 826 356 872 habere
372 862 384 882 ,
415 824 488 887 qui
515 823 675 870 referre
697 823 875 887 gratiam
899 825 1065 870 nescit?
1101 825 1308 870 Definant
1331 826 1476 888 itaque

199 899 409 945 infamare
434 914 514 943 nos
531 929 544 951 ‚
573 910 776 958 tanquam
798 896 1067 942 incredibilia
1086 898 1288 944 iaetantes
1307 911 1379 944 :et
1397 898 1476 944 sci—

198 988 275 1017 ant
305 971 419 1034 apud
445 969 678 1032 sapientem
708 968 790 1013 effe
816 969 903 1030 ipsa
930 966 1107 1015 honesta
1124 1004 1136 1023 ‚
1164 970 1277 1030 apud
1300 971 1476 1032 vulgum

201 1041 421 1088 simulacra
442 1057 585 1087 rerum
606 1039 880 1086 honestarum
899 1052 940 1085 et
961 1039 1136 1102 effigies.
1162 1041 1310 1088 Nemo
1336 1040 1476 1088 refer-

199 1131 246 1160 re
275 1114 456 1177 gratiam
480 1112 584 1167 scit,
610 1111 684 1156 niti
710 1111 887 1173 sapiens.
919 1111 1077 1157 Stultus
1103 1129 1281 1175 quoque
1315 1128 1474 1162 utcun==

199 1203 283 1248 que
303 1185 404 1244 scit,
424 1198 467 1232 et
493 1185 867 1249 quemadmodum
895 1185 1061 1247 potest,
1089 1185 1246 1232 referat
1271 1204 1280 1232 z
1302 1187 1477 1235 scientia

199 1258 262 1304 illi
289 1258 460 1320 potius,
485 1275 615 1320 quarn
639 1256 839 1303 voluntas
869 1256 986 1302 defit.
1018 1258 1140 1303 Velle
1170 1274 1259 1303 non
1286 1259 1475 1307 discitur„

199 1332 374 1394 Sapiens
392 1333 503 1379 inter
522 1334 561 1378 se
581 1331 729 1377 omnia
750 1331 1035 1393 comparabit.
1061 1332 1197 1378 maius
1222 1334 1312 1380 eius
1330 1351 1442 1397 opus
1457 1368 1472 1392 ,

199 1418 273 1450 aut
307 1405 448 1451 minus
477 1403 525 1450 fit
553 1403 791 1467 (quamvis
821 1402 934 1448 idem
964 1403 1046 1467 fit)
1084 1416 1308 1466 tempore,
1334 1406 1437 1454 loco
1457 1436 1472 1462 ς

199 1479 337 1528 causa.
373 1483 509 1541 Saepe
539 1478 653 1524 enim
675 1478 762 1524 hoc
784 1494 873 1523 non
896 1490 1080 1539 potuere
1110 1480 1287 1525 divitiae
1314 1481 1357 1526 in
1385 1483 1471 1528 do-

139 1565 149 1568 “
199 1552 514 1607 muminfusae‚
534 1552 656 1614 quod
675 1563 925 1612 opportune
937 1551 1025 1597 dati
1041 1552 1157 1599 mille
1175 1553 1471 1601 denarii-‚Mul

199 1642 292 1674 tum
312 1625 426 1671 enim
440 1624 627 1679 interest,
647 1623 897 1679 donaveris,
910 1637 962 1669 an
978 1625 1256 1670 succurreris:
1277 1625 1470 1674 servave-

198 1699 254 1745 rit
283 1698 402 1744 illum
422 1712 496 1744 tua
524 1696 757 1743 liberalitas
776 1734 789 1752 ‚
811 1714 863 1741 an
890 1697 1151 1743 instruxerit,
1180 1698 1315 1759 Saepe
1344 1703 1469 1762 quod

199 1772 322 1816 datur
343 1807 355 1828 ‚
373 1769 577 1834 exiguum
598 1769 655 1816 est
678 1782 687 1814 Ξ
711 1766 832 1832 quod
855 1770 1046 1832 sequitur
1070 1785 1120 1814 ex
1142 1783 1224 1827 eo,
1245 1788 1465 1833 magnum.

200 1844 424 1901 Quantum
446 1853 588 1889 autem
606 1840 824 1887 existimas
841 1841 1055 1896 interesse,
1076 1856 1221 1886 utrum
1242 1843 1398 1906 aliquis
1411 1846 1465 1893 de

199 1931 292 1961 arca
311 1949 323 1970 ,
339 1913 462 1975 quod
481 1912 732 1974 praestaret,
750 1912 968 1970 sumserit,
989 1930 1041 1958 an
1066 1913 1325 1961 beneficium
1344 1933 1471 1964 acce*

200 1988 332 2049 perit,
357 1998 402 2030 ut
423 1985 575 2030 daret?
613 1985 693 2030 Sed
717 2001 768 2030 ne
796 1985 839 2030 in
864 1986 1044 2043 eadem,
1078 2004 1188 2049 quae
1219 1988 1315 2034 satis
1345 1990 1466 2037 scru-

198 2060 272 2106 tati
298 2060 466 2113 sumus,
490 2058 809 2113 revolvamur;
839 2059 883 2104 in
915 2060 994 2105 hac
1027 2061 1357 2122 comparatione
1387 2065 1466 2111 be·-

197 2131 342 2178 neficii
364 2142 405 2178 et
426 2129 635 2188 iniuriae,
664 2131 732 2175 vir
751 2130 890 2176 bonus
913 2130 1121 2177 iudicabit
1141 2132 1317 2194 quidem
1343 2137 1465 2197 quod

197 2203 276 2250 erit
298 2202 597 2264 aequiffimurn
623 2219 632 2246 :
650 2200 723 2247 sed
749 2201 965 2248 beneficio
987 2203 1173 2259 favebit,
1193 2205 1235 2250 in
1256 2206 1366 2255 hanc
1385 2209 1465 2255 erit

197 2287 361 2337 partem
385 2272 645 2335 proclivior.
686 2274 924 2319 Plurimum
951 2287 1093 2320 autem
1123 2277 1336 2323 momenti
1363 2294 1465 2340 per-

194 2347 297 2394 sona
338 2347 445 2392 solet
472 2346 626 2394 afferre
653 2347 697 2392 in
728 2347 855 2394 rebus
880 2348 1110 2394 eiusmodi.
1152 2343 1324 2398 Dedisti
1356 2354 1462 2401 mihi

132 2456 136 2459 -
193 2420 456 2468 beneficium
482 2422 529 2468 in
558 2421 711 2478 servo,-
744 2420 944 2466 iniuriam
968 2420 1105 2466 fecisti
1128 2422 1172 2467 in
1199 2437 1317 2484 patre
1343 2443 1353 2470 :
1376 2425 1463 2472 ser-³

193 2492 300 2541 vasti
332 2494 439 2539 mihi
475 2484 649 2552 filium}
672 2494 744 2541 sed
776 2507 940 2557 patrem
964 2493 1184 2542 abstulisti.
1213 2497 1308 2543 Alia
1337 2499 1462 2546 dein-³-

257 2569 306 2614 L⁶
332 2570 456 2616 Arm.
487 2573 655 2613 Seneca.
680 2570 775 2615 Vol.
793 2570 886 2614 Ill.
1168 2571 1211 2616 Τ
