<?xml version="1.0" encoding="UTF-8"?>
<!DOCTYPE html PUBLIC "-//W3C//DTD XHTML 1.0 Transitional//EN"
    "http://www.w3.org/TR/xhtml1/DTD/xhtml1-transitional.dtd">
<html xmlns="http://www.w3.org/1999/xhtml" xml:lang="en" lang="en">
 <head>
  <title>
</title>
<meta http-equiv="Content-Type" content="text/html;charset=utf-8" />
  <meta name='ocr-system' content='tesseract 3.04.00' />
  <meta name='ocr-capabilities' content='ocr_page ocr_carea ocr_par ocr_line ocrx_word'/>
</head>
<body>
  <div class='ocr_page' id='page_1' title='image "./lannaeisenecaeph03seneuoft_0420.png"; bbox 0 0 1797 2956; ppageno 0'>
   <div class='ocr_carea' id='block_1_1' title="bbox 327 182 1425 244">
    <p class='ocr_par' dir='ltr' id='par_1_1' title="bbox 327 182 1425 244">
     <span class='ocr_line' id='line_1_1' title="bbox 327 182 1425 244; baseline 0.001 -13"><span class='ocrx_word' id='word_1_1' title='bbox 327 202 419 244; x_wconf 78' lang='lat'><strong>4¹2</strong></span> <span class='ocrx_word' id='word_1_2' title='bbox 563 189 611 232; x_wconf 93' lang='lat' dir='ltr'><strong>L.</strong></span> <span class='ocrx_word' id='word_1_3' title='bbox 662 186 961 232; x_wconf 85' lang='lat' dir='ltr'>ANNAEI</span> <span class='ocrx_word' id='word_1_4' title='bbox 1012 182 1365 232; x_wconf 85' lang='lat' dir='ltr'><strong>SENECAE</strong></span> <span class='ocrx_word' id='word_1_5' title='bbox 1423 203 1425 208; x_wconf 88' lang='lat'>·</span> 
     </span>
    </p>
   </div>
   <div class='ocr_carea' id='block_1_2' title="bbox 319 292 1598 1523">
    <p class='ocr_par' dir='ltr' id='par_1_2' title="bbox 319 292 1598 1523">
     <span class='ocr_line' id='line_1_2' title="bbox 323 292 1588 359; baseline 0.001 -21"><span class='ocrx_word' id='word_1_6' title='bbox 323 293 499 356; x_wconf 83' lang='lat' dir='ltr'><strong>pingam</strong></span> <span class='ocrx_word' id='word_1_7' title='bbox 525 311 535 339; x_wconf 71' lang='grc' dir='ltr'><strong><em>ε</em></strong></span> <span class='ocrx_word' id='word_1_8' title='bbox 559 311 689 356; x_wconf 78' lang='lat' dir='ltr'><strong>quam</strong></span> <span class='ocrx_word' id='word_1_9' title='bbox 707 308 754 339; x_wconf 91' lang='lat' dir='ltr'><strong>tu</strong></span> <span class='ocrx_word' id='word_1_10' title='bbox 775 292 804 338; x_wconf 87' lang='lat' dir='ltr'>fi</span> <span class='ocrx_word' id='word_1_11' title='bbox 829 293 991 340; x_wconf 85' lang='lat' dir='ltr'><strong>invitus</strong></span> <span class='ocrx_word' id='word_1_12' title='bbox 1015 292 1152 355; x_wconf 77' lang='lat' dir='ltr'><strong>leges,</strong></span> <span class='ocrx_word' id='word_1_13' title='bbox 1175 293 1456 359; x_wconf 49' lang='lat' dir='ltr'><strong>dicito5t⁴2igo</strong></span> <span class='ocrx_word' id='word_1_14' title='bbox 1482 293 1588 339; x_wconf 87' lang='lat' dir='ltr'><strong>mihi</strong></span> 
     </span>
     <span class='ocr_line' id='line_1_3' title="bbox 325 365 1595 429; baseline 0 -19"><span class='ocrx_word' id='word_1_15' title='bbox 325 365 413 410; x_wconf 83' lang='lat' dir='ltr'><strong>hoc</strong></span> <span class='ocrx_word' id='word_1_16' title='bbox 444 366 656 412; x_wconf 82' lang='lat' dir='ltr'><strong>contraxi.</strong></span> <span class='ocrx_word' id='word_1_17' title='bbox 689 379 818 426; x_wconf 73' lang='lat' dir='ltr'><strong>teque</strong></span> <span class='ocrx_word' id='word_1_18' title='bbox 852 365 964 411; x_wconf 86' lang='lat' dir='ltr'><strong>inter</strong></span> <span class='ocrx_word' id='word_1_19' title='bbox 993 366 1091 411; x_wconf 82' lang='lat' dir='ltr'><strong>illos</strong></span> <span class='ocrx_word' id='word_1_20' title='bbox 1116 371 1319 420; x_wconf 67' lang='lat' dir='ltr'><strong>numera,</strong></span> <span class='ocrx_word' id='word_1_21' title='bbox 1349 381 1460 429; x_wconf 87' lang='lat' dir='ltr'><strong>quos</strong></span> <span class='ocrx_word' id='word_1_22' title='bbox 1483 381 1595 411; x_wconf 72' lang='lat' dir='ltr'><strong>uxor</strong></span> 
     </span>
     <span class='ocr_line' id='line_1_4' title="bbox 324 436 1595 500; baseline 0.001 -18"><span class='ocrx_word' id='word_1_23' title='bbox 324 454 484 500; x_wconf 85' lang='lat' dir='ltr'><strong>magno</strong></span> <span class='ocrx_word' id='word_1_24' title='bbox 514 438 637 484; x_wconf 61' lang='lat' dir='ltr'><strong>dueta</strong></span> <span class='ocrx_word' id='word_1_25' title='bbox 663 437 829 483; x_wconf 84' lang='lat' dir='ltr'><strong>ambitu</strong></span> <span class='ocrx_word' id='word_1_26' title='bbox 860 450 1037 499; x_wconf 80' lang='lat' dir='ltr'>torquet</span> <span class='ocrx_word' id='word_1_27' title='bbox 1063 456 1073 484; x_wconf 91' lang='lat'>:</span> <span class='ocrx_word' id='word_1_28' title='bbox 1101 437 1358 495; x_wconf 71' lang='lat' dir='ltr'><strong>interillos&#39;,</strong></span> <span class='ocrx_word' id='word_1_29' title='bbox 1388 454 1500 500; x_wconf 89' lang='lat' dir='ltr'><strong>quos</strong></span> <span class='ocrx_word' id='word_1_30' title='bbox 1529 436 1595 483; x_wconf 84' lang='lat' dir='ltr'><strong>di-</strong></span> 
     </span>
     <span class='ocr_line' id='line_1_5' title="bbox 320 510 1594 573; baseline -0.001 -17"><span class='ocrx_word' id='word_1_31' title='bbox 320 511 454 557; x_wconf 85' lang='lat' dir='ltr'><strong>vitiae</strong></span> <span class='ocrx_word' id='word_1_32' title='bbox 484 528 562 573; x_wconf 89' lang='lat' dir='ltr'><strong>per</strong></span> <span class='ocrx_word' id='word_1_33' title='bbox 598 511 813 556; x_wconf 86' lang='lat' dir='ltr'><strong>summum</strong></span> <span class='ocrx_word' id='word_1_34' title='bbox 844 510 1072 572; x_wconf 78' lang='lat' dir='ltr'><strong>acquisitae</strong></span> <span class='ocrx_word' id='word_1_35' title='bbox 1105 511 1311 557; x_wconf 88' lang='lat' dir='ltr'><strong>sudorem</strong></span> <span class='ocrx_word' id='word_1_36' title='bbox 1332 546 1345 566; x_wconf 88' lang='lat'><strong>,</strong></span> <span class='ocrx_word' id='word_1_37' title='bbox 1378 510 1486 556; x_wconf 88' lang='lat' dir='ltr'><strong>male</strong></span> <span class='ocrx_word' id='word_1_38' title='bbox 1515 510 1594 555; x_wconf 86' lang='lat' dir='ltr'><strong>ha-</strong></span> 
     </span>
     <span class='ocr_line' id='line_1_6' title="bbox 321 582 1596 647; baseline -0.002 -17"><span class='ocrx_word' id='word_1_39' title='bbox 321 585 425 631; x_wconf 89' lang='lat' dir='ltr'><strong>bent</strong></span> <span class='ocrx_word' id='word_1_40' title='bbox 446 602 457 630; x_wconf 76' lang='grc' dir='ltr'><strong><em>ε</em></strong></span> <span class='ocrx_word' id='word_1_41' title='bbox 479 584 591 630; x_wconf 90' lang='lat' dir='ltr'><strong>inter</strong></span> <span class='ocrx_word' id='word_1_42' title='bbox 615 584 737 642; x_wconf 88' lang='lat' dir='ltr'><strong>illos,</strong></span> <span class='ocrx_word' id='word_1_43' title='bbox 771 600 883 647; x_wconf 80' lang='lat' dir='ltr'><strong>quos</strong></span> <span class='ocrx_word' id='word_1_44' title='bbox 913 584 1129 640; x_wconf 86' lang='lat' dir='ltr'><strong>honores,</strong></span> <span class='ocrx_word' id='word_1_45' title='bbox 1159 582 1274 629; x_wconf 85' lang='lat' dir='ltr'><strong>nulla</strong></span> <span class='ocrx_word' id='word_1_46' title='bbox 1303 600 1393 629; x_wconf 89' lang='lat' dir='ltr'><strong>non</strong></span> <span class='ocrx_word' id='word_1_47' title='bbox 1417 599 1507 630; x_wconf 80' lang='lat' dir='ltr'><strong>arte</strong></span> <span class='ocrx_word' id='word_1_48' title='bbox 1531 595 1596 628; x_wconf 84' lang='lat' dir='ltr'><strong>at-</strong></span> 
     </span>
     <span class='ocr_line' id='line_1_7' title="bbox 320 655 1596 719; baseline -0.001 -17"><span class='ocrx_word' id='word_1_49' title='bbox 320 674 405 719; x_wconf 83' lang='lat' dir='ltr'><strong>que</strong></span> <span class='ocrx_word' id='word_1_50' title='bbox 434 673 570 719; x_wconf 79' lang='lat' dir='ltr'><strong>opera</strong></span> <span class='ocrx_word' id='word_1_51' title='bbox 597 655 718 717; x_wconf 69' lang='lat' dir='ltr'><strong>petiti</strong></span> <span class='ocrx_word' id='word_1_52' title='bbox 737 693 749 713; x_wconf 93' lang='lat'><strong>,</strong></span> <span class='ocrx_word' id='word_1_53' title='bbox 780 657 1065 703; x_wconf 80' lang='lat' dir='ltr'>discruciant:</span> <span class='ocrx_word' id='word_1_54' title='bbox 1099 670 1142 703; x_wconf 91' lang='lat' dir='ltr'><strong>et</strong></span> <span class='ocrx_word' id='word_1_55' title='bbox 1173 669 1343 703; x_wconf 86' lang='lat' dir='ltr'><strong>ceteros</strong></span> <span class='ocrx_word' id='word_1_56' title='bbox 1377 656 1596 702; x_wconf 86' lang='lat' dir='ltr'><strong>malorum</strong></span> 
     </span>
     <span class='ocr_line' id='line_1_8' title="bbox 321 727 1594 791; baseline -0.001 -17"><span class='ocrx_word' id='word_1_57' title='bbox 321 729 499 775; x_wconf 82' lang='lat' dir='ltr'><strong>suorum</strong></span> <span class='ocrx_word' id='word_1_58' title='bbox 529 741 774 791; x_wconf 87' lang='lat' dir='ltr'><strong>compotes.</strong></span> <span class='ocrx_word' id='word_1_59' title='bbox 809 729 893 774; x_wconf 82' lang='lat' dir='ltr'><strong>Sed</strong></span> <span class='ocrx_word' id='word_1_60' title='bbox 924 745 1001 786; x_wconf 86' lang='lat' dir='ltr'><strong>ut,</strong></span> <span class='ocrx_word' id='word_1_61' title='bbox 1028 727 1188 774; x_wconf 85' lang='lat' dir='ltr'><strong>omiffo</strong></span> <span class='ocrx_word' id='word_1_62' title='bbox 1220 728 1466 790; x_wconf 85' lang='lat' dir='ltr'><strong>principio,</strong></span> <span class='ocrx_word' id='word_1_63' title='bbox 1501 744 1594 773; x_wconf 89' lang='lat' dir='ltr'><strong>rem</strong></span> 
     </span>
     <span class='ocr_line' id='line_1_9' title="bbox 321 800 1597 865; baseline -0.002 -17"><span class='ocrx_word' id='word_1_64' title='bbox 321 802 455 864; x_wconf 80' lang='lat' dir='ltr'><strong>ipsam</strong></span> <span class='ocrx_word' id='word_1_65' title='bbox 490 802 745 865; x_wconf 74' lang='lat' dir='ltr'><strong>aggrediar:</strong></span> <span class='ocrx_word' id='word_1_66' title='bbox 779 802 931 859; x_wconf 85' lang='lat' dir='ltr'><strong>Beata,</strong></span> <span class='ocrx_word' id='word_1_67' title='bbox 965 801 1194 864; x_wconf 83' lang='lat' dir='ltr'><strong>inquiunt,</strong></span> <span class='ocrx_word' id='word_1_68' title='bbox 1233 801 1322 847; x_wconf 87' lang='lat' dir='ltr'><strong>vita</strong></span> <span class='ocrx_word' id='word_1_69' title='bbox 1351 800 1518 847; x_wconf 86' lang='lat' dir='ltr'><strong>constat</strong></span> <span class='ocrx_word' id='word_1_70' title='bbox 1544 816 1597 846; x_wconf 85' lang='lat' dir='ltr'><strong>ex</strong></span> 
     </span>
     <span class='ocr_line' id='line_1_10' title="bbox 322 874 1596 936; baseline -0.002 -15"><span class='ocrx_word' id='word_1_71' title='bbox 322 874 565 921; x_wconf 66' lang='lat' dir='ltr'><strong>astionibus</strong></span> <span class='ocrx_word' id='word_1_72' title='bbox 590 874 717 920; x_wconf 58' lang='lat' dir='ltr'><strong>retiis</strong></span> <span class='ocrx_word' id='word_1_73' title='bbox 737 892 747 920; x_wconf 96' lang='lat'><strong>:</strong></span> <span class='ocrx_word' id='word_1_74' title='bbox 770 876 822 921; x_wconf 85' lang='lat' dir='ltr'><strong>ad</strong></span> <span class='ocrx_word' id='word_1_75' title='bbox 850 875 1041 921; x_wconf 70' lang='lat' dir='ltr'><strong>afflones</strong></span> <span class='ocrx_word' id='word_1_76' title='bbox 1075 875 1207 921; x_wconf 70' lang='lat' dir='ltr'><strong>reEtas</strong></span> <span class='ocrx_word' id='word_1_77' title='bbox 1237 886 1466 936; x_wconf 84' lang='lat' dir='ltr'><strong>praecepta</strong></span> <span class='ocrx_word' id='word_1_78' title='bbox 1497 888 1596 935; x_wconf 89' lang='lat' dir='ltr'><strong>per—</strong></span> 
     </span>
     <span class='ocr_line' id='line_1_11' title="bbox 321 945 1593 1009; baseline -0.002 -16"><span class='ocrx_word' id='word_1_79' title='bbox 321 948 485 993; x_wconf 84' lang='lat' dir='ltr'><strong>ducunt</strong></span> <span class='ocrx_word' id='word_1_80' title='bbox 509 964 519 992; x_wconf 91' lang='lat'>:</span> <span class='ocrx_word' id='word_1_81' title='bbox 549 964 657 1009; x_wconf 84' lang='lat' dir='ltr'><strong>ergo</strong></span> <span class='ocrx_word' id='word_1_82' title='bbox 678 947 731 992; x_wconf 85' lang='lat' dir='ltr'><strong>ad</strong></span> <span class='ocrx_word' id='word_1_83' title='bbox 752 947 921 993; x_wconf 84' lang='lat' dir='ltr'><strong>beatam</strong></span> <span class='ocrx_word' id='word_1_84' title='bbox 946 947 1079 993; x_wconf 84' lang='lat' dir='ltr'><strong>vitam</strong></span> <span class='ocrx_word' id='word_1_85' title='bbox 1109 960 1337 1009; x_wconf 87' lang='lat' dir='ltr'><strong>praecepta</strong></span> <span class='ocrx_word' id='word_1_86' title='bbox 1366 945 1593 993; x_wconf 86' lang='lat' dir='ltr'><strong>sufficiunt.</strong></span> 
     </span>
     <span class='ocr_line' id='line_1_12' title="bbox 319 1021 1597 1082; baseline -0.002 -16"><span class='ocrx_word' id='word_1_87' title='bbox 319 1022 426 1066; x_wconf 81' lang='lat' dir='ltr'><strong>Non</strong></span> <span class='ocrx_word' id='word_1_88' title='bbox 447 1034 589 1066; x_wconf 88' lang='lat' dir='ltr'><strong>tamen</strong></span> <span class='ocrx_word' id='word_1_89' title='bbox 619 1021 786 1082; x_wconf 82' lang='lat' dir='ltr'><strong>semper</strong></span> <span class='ocrx_word' id='word_1_90' title='bbox 812 1021 865 1066; x_wconf 88' lang='lat' dir='ltr'><strong>ad</strong></span> <span class='ocrx_word' id='word_1_91' title='bbox 883 1021 1071 1067; x_wconf 70' lang='lat' dir='ltr'><strong>afflones</strong></span> <span class='ocrx_word' id='word_1_92' title='bbox 1096 1021 1231 1067; x_wconf 61' lang='lat' dir='ltr'><strong>reEias</strong></span> <span class='ocrx_word' id='word_1_93' title='bbox 1249 1031 1479 1082; x_wconf 81' lang='lat' dir='ltr'><strong>praecepta</strong></span> <span class='ocrx_word' id='word_1_94' title='bbox 1499 1036 1597 1081; x_wconf 88' lang='lat' dir='ltr'><strong>per-</strong></span> 
     </span>
     <span class='ocr_line' id='line_1_13' title="bbox 321 1091 1596 1156; baseline 0 -19"><span class='ocrx_word' id='word_1_95' title='bbox 321 1093 512 1149; x_wconf 81' lang='lat' dir='ltr'><strong>ducunt,</strong></span> <span class='ocrx_word' id='word_1_96' title='bbox 543 1093 615 1139; x_wconf 90' lang='lat' dir='ltr'><strong>sed</strong></span> <span class='ocrx_word' id='word_1_97' title='bbox 636 1110 736 1139; x_wconf 89' lang='lat' dir='ltr'><strong>cum</strong></span> <span class='ocrx_word' id='word_1_98' title='bbox 768 1093 1010 1156; x_wconf 75' lang='lat' dir='ltr'><strong>obsequens</strong></span> <span class='ocrx_word' id='word_1_99' title='bbox 1036 1093 1261 1156; x_wconf 73' lang='lat' dir='ltr'><strong>ingenium.</strong></span> <span class='ocrx_word' id='word_1_100' title='bbox 1285 1091 1373 1138; x_wconf 82' lang='lat' dir='ltr'><strong>est:</strong></span> <span class='ocrx_word' id='word_1_101' title='bbox 1399 1092 1596 1154; x_wconf 81' lang='lat' dir='ltr'><strong>aliquan-</strong></span> 
     </span>
     <span class='ocr_line' id='line_1_14' title="bbox 321 1163 1595 1227; baseline 0.001 -18"><span class='ocrx_word' id='word_1_102' title='bbox 321 1165 382 1209; x_wconf 85' lang='lat' dir='ltr'><strong>do</strong></span> <span class='ocrx_word' id='word_1_103' title='bbox 417 1163 570 1211; x_wconf 71' lang='lat' dir='ltr'><strong>frustra</strong></span> <span class='ocrx_word' id='word_1_104' title='bbox 606 1166 929 1222; x_wconf 80' lang='lat' dir='ltr'><strong>admoventur,</strong></span> <span class='ocrx_word' id='word_1_105' title='bbox 966 1166 995 1210; x_wconf 77' lang='lat' dir='ltr'><strong>st</strong></span> <span class='ocrx_word' id='word_1_106' title='bbox 1029 1166 1221 1211; x_wconf 82' lang='lat' dir='ltr'><strong>animum</strong></span> <span class='ocrx_word' id='word_1_107' title='bbox 1249 1165 1482 1227; x_wconf 80' lang='lat' dir='ltr'><strong>opiniones</strong></span> <span class='ocrx_word' id='word_1_108' title='bbox 1509 1165 1595 1210; x_wconf 91' lang='lat' dir='ltr'><strong>ob-</strong></span> 
     </span>
     <span class='ocr_line' id='line_1_15' title="bbox 319 1236 1598 1300; baseline -0.001 -18"><span class='ocrx_word' id='word_1_109' title='bbox 319 1238 459 1284; x_wconf 78' lang='lat' dir='ltr'><strong>sident</strong></span> <span class='ocrx_word' id='word_1_110' title='bbox 489 1255 663 1300; x_wconf 83' lang='lat' dir='ltr'><strong>pravae.</strong></span> <span class='ocrx_word' id='word_1_111' title='bbox 718 1238 925 1295; x_wconf 77' lang='lat' dir='ltr'><strong>Deinde,</strong></span> <span class='ocrx_word' id='word_1_112' title='bbox 956 1237 1118 1284; x_wconf 73' lang='lat' dir='ltr'><strong>etiamsi</strong></span> <span class='ocrx_word' id='word_1_113' title='bbox 1157 1238 1273 1284; x_wconf 65' lang='lat' dir='ltr'><strong>re6‘1e</strong></span> <span class='ocrx_word' id='word_1_114' title='bbox 1301 1236 1495 1294; x_wconf 72' lang='lat' dir='ltr'><strong>faciunt,</strong></span> <span class='ocrx_word' id='word_1_115' title='bbox 1520 1253 1598 1282; x_wconf 87' lang='lat' dir='ltr'><strong>ne·-</strong></span> 
     </span>
     <span class='ocr_line' id='line_1_16' title="bbox 320 1309 1596 1373; baseline -0.002 -16"><span class='ocrx_word' id='word_1_116' title='bbox 320 1310 460 1357; x_wconf 66' lang='lat' dir='ltr'><strong>sciunt</strong></span> <span class='ocrx_word' id='word_1_117' title='bbox 495 1309 636 1358; x_wconf 77' lang='lat' dir='ltr'><strong>facere</strong></span> <span class='ocrx_word' id='word_1_118' title='bbox 670 1310 711 1357; x_wconf 92' lang='lat' dir='ltr'><strong>se</strong></span> <span class='ocrx_word' id='word_1_119' title='bbox 739 1311 868 1356; x_wconf 72' lang='grc' dir='ltr'><strong>τεξὶε.</strong></span> <span class='ocrx_word' id='word_1_120' title='bbox 901 1312 1006 1356; x_wconf 86' lang='lat' dir='ltr'><strong>Non</strong></span> <span class='ocrx_word' id='word_1_121' title='bbox 1041 1310 1184 1373; x_wconf 89' lang='lat' dir='ltr'><strong>potest</strong></span> <span class='ocrx_word' id='word_1_122' title='bbox 1217 1311 1333 1356; x_wconf 82' lang='lat' dir='ltr'><strong>enim</strong></span> <span class='ocrx_word' id='word_1_123' title='bbox 1361 1309 1596 1373; x_wconf 80' lang='lat' dir='ltr'><strong>quisquam</strong></span> 
     </span>
     <span class='ocr_line' id='line_1_17' title="bbox 319 1380 1596 1446; baseline 0 -15"><span class='ocrx_word' id='word_1_124' title='bbox 319 1384 397 1431; x_wconf 80' lang='lat' dir='ltr'><strong>nisi</strong></span> <span class='ocrx_word' id='word_1_125' title='bbox 422 1387 475 1431; x_wconf 91' lang='lat' dir='ltr'><strong>ab</strong></span> <span class='ocrx_word' id='word_1_126' title='bbox 506 1384 632 1431; x_wconf 83' lang='lat' dir='ltr'><strong>initio</strong></span> <span class='ocrx_word' id='word_1_127' title='bbox 656 1383 898 1443; x_wconf 81' lang='lat' dir='ltr'><strong>formatus,</strong></span> <span class='ocrx_word' id='word_1_128' title='bbox 919 1396 962 1431; x_wconf 82' lang='lat' dir='ltr'><strong>et</strong></span> <span class='ocrx_word' id='word_1_129' title='bbox 987 1397 1080 1431; x_wconf 84' lang='lat' dir='ltr'><strong>tota</strong></span> <span class='ocrx_word' id='word_1_130' title='bbox 1105 1384 1274 1431; x_wconf 87' lang='lat' dir='ltr'><strong>ratione</strong></span> <span class='ocrx_word' id='word_1_131' title='bbox 1305 1380 1596 1446; x_wconf 76' lang='lat' dir='ltr'><strong>compositus,</strong></span> 
     </span>
     <span class='ocr_line' id='line_1_18' title="bbox 319 1459 1598 1523; baseline -0.002 -17"><span class='ocrx_word' id='word_1_132' title='bbox 319 1466 475 1506; x_wconf 83' lang='lat' dir='ltr'><strong>omnes</strong></span> <span class='ocrx_word' id='word_1_133' title='bbox 503 1459 684 1521; x_wconf 77' lang='lat' dir='ltr'><strong>exsequi</strong></span> <span class='ocrx_word' id='word_1_134' title='bbox 709 1475 916 1505; x_wconf 77' lang='lat' dir='ltr'><strong>numeros</strong></span> <span class='ocrx_word' id='word_1_135' title='bbox 931 1495 945 1517; x_wconf 97' lang='lat'><strong>,</strong></span> <span class='ocrx_word' id='word_1_136' title='bbox 973 1471 1019 1504; x_wconf 92' lang='lat' dir='ltr'><strong>ut</strong></span> <span class='ocrx_word' id='word_1_137' title='bbox 1042 1459 1144 1513; x_wconf 82' lang='lat' dir='ltr'><strong>sciat</strong></span> <span class='ocrx_word' id='word_1_138' title='bbox 1167 1460 1343 1523; x_wconf 86' lang='lat' dir='ltr'><strong>quando</strong></span> <span class='ocrx_word' id='word_1_139' title='bbox 1363 1470 1598 1521; x_wconf 79' lang='lat' dir='ltr'><strong>oporteat,</strong></span> 
     </span>
    </p>
   </div>
   <div class='ocr_carea' id='block_1_3' title="bbox 319 1532 1601 1596">
    <p class='ocr_par' dir='ltr' id='par_1_3' title="bbox 319 1532 1601 1596">
     <span class='ocr_line' id='line_1_19' title="bbox 319 1532 1601 1596; baseline -0.001 -18"><span class='ocrx_word' id='word_1_140' title='bbox 319 1546 360 1578; x_wconf 90' lang='lat' dir='ltr'><strong>et</strong></span> <span class='ocrx_word' id='word_1_141' title='bbox 395 1533 439 1578; x_wconf 84' lang='lat' dir='ltr'><strong>in</strong></span> <span class='ocrx_word' id='word_1_142' title='bbox 478 1545 717 1596; x_wconf 84' lang='lat' dir='ltr'><strong>quantum,</strong></span> <span class='ocrx_word' id='word_1_143' title='bbox 749 1545 791 1579; x_wconf 87' lang='lat' dir='ltr'><strong>et</strong></span> <span class='ocrx_word' id='word_1_144' title='bbox 825 1549 927 1579; x_wconf 83' lang='lat' dir='ltr'><strong>curn</strong></span> <span class='ocrx_word' id='word_1_145' title='bbox 965 1549 1090 1595; x_wconf 75' lang='lat' dir='ltr'><strong>quo,</strong></span> <span class='ocrx_word' id='word_1_146' title='bbox 1131 1548 1175 1579; x_wconf 85' lang='lat' dir='ltr'><strong>et</strong></span> <span class='ocrx_word' id='word_1_147' title='bbox 1208 1532 1601 1595; x_wconf 61' lang='lat' dir='ltr'><strong>quemadmodum,</strong></span> 
     </span>
    </p>
   </div>
   <div class='ocr_carea' id='block_1_4' title="bbox 319 1603 1653 1665">
    <p class='ocr_par' dir='ltr' id='par_1_4' title="bbox 319 1603 1653 1665">
     <span class='ocr_line' id='line_1_20' title="bbox 319 1603 1653 1665; baseline -0.001 -15"><span class='ocrx_word' id='word_1_148' title='bbox 319 1606 472 1664; x_wconf 80' lang='lat' dir='ltr'><strong>Quare</strong></span> <span class='ocrx_word' id='word_1_149' title='bbox 506 1621 596 1649; x_wconf 86' lang='lat' dir='ltr'><strong>non</strong></span> <span class='ocrx_word' id='word_1_150' title='bbox 629 1603 772 1665; x_wconf 85' lang='lat' dir='ltr'><strong>potest</strong></span> <span class='ocrx_word' id='word_1_151' title='bbox 809 1617 909 1650; x_wconf 90' lang='lat' dir='ltr'><strong>toto</strong></span> <span class='ocrx_word' id='word_1_152' title='bbox 944 1604 1092 1650; x_wconf 86' lang='lat' dir='ltr'><strong>animo</strong></span> <span class='ocrx_word' id='word_1_153' title='bbox 1123 1604 1176 1650; x_wconf 81' lang='lat' dir='ltr'><strong>ad</strong></span> <span class='ocrx_word' id='word_1_154' title='bbox 1206 1603 1389 1651; x_wconf 84' lang='lat' dir='ltr'><strong>honesta</strong></span> <span class='ocrx_word' id='word_1_155' title='bbox 1417 1603 1598 1660; x_wconf 87' lang='lat' dir='ltr'><strong>conari,</strong></span> <span class='ocrx_word' id='word_1_156' title='bbox 1646 1649 1653 1655; x_wconf 74' lang='grc'><strong>,</strong></span> 
     </span>
    </p>
   </div>
   <div class='ocr_carea' id='block_1_5' title="bbox 306 1675 1598 2178">
    <p class='ocr_par' dir='ltr' id='par_1_5' title="bbox 306 1675 1598 2178">
     <span class='ocr_line' id='line_1_21' title="bbox 320 1675 1598 1739; baseline -0.002 -15"><span class='ocrx_word' id='word_1_157' title='bbox 320 1694 375 1724; x_wconf 83' lang='lat' dir='ltr'><strong>ne</strong></span> <span class='ocrx_word' id='word_1_158' title='bbox 404 1677 648 1723; x_wconf 56' lang='lat' dir='ltr'><strong>ronstanter</strong></span> <span class='ocrx_word' id='word_1_159' title='bbox 675 1677 852 1739; x_wconf 83' lang='lat' dir='ltr'><strong>quidem</strong></span> <span class='ocrx_word' id='word_1_160' title='bbox 870 1713 884 1733; x_wconf 94' lang='lat'><strong>,</strong></span> <span class='ocrx_word' id='word_1_161' title='bbox 915 1690 986 1723; x_wconf 88' lang='lat' dir='ltr'><strong>aut</strong></span> <span class='ocrx_word' id='word_1_162' title='bbox 1011 1677 1194 1723; x_wconf 80' lang='lat' dir='ltr'><strong>libenter</strong></span> <span class='ocrx_word' id='word_1_163' title='bbox 1225 1695 1235 1722; x_wconf 90' lang='lat'><strong>:</strong></span> <span class='ocrx_word' id='word_1_164' title='bbox 1265 1677 1337 1723; x_wconf 92' lang='lat' dir='ltr'><strong>sed</strong></span> <span class='ocrx_word' id='word_1_165' title='bbox 1367 1675 1598 1738; x_wconf 86' lang='lat' dir='ltr'><strong>respiciet,</strong></span> 
     </span>
     <span class='ocr_line' id='line_1_22' title="bbox 317 1749 1596 1813; baseline -0.001 -16"><span class='ocrx_word' id='word_1_166' title='bbox 317 1750 390 1797; x_wconf 83' lang='lat' dir='ltr'><strong>sed</strong></span> <span class='ocrx_word' id='word_1_167' title='bbox 415 1750 647 1797; x_wconf 76' lang='lat' dir='ltr'><strong>haesitabit.</strong></span> <span class='ocrx_word' id='word_1_168' title='bbox 678 1750 722 1795; x_wconf 85' lang='lat' dir='ltr'><strong>Si</strong></span> <span class='ocrx_word' id='word_1_169' title='bbox 752 1749 964 1806; x_wconf 80' lang='lat' dir='ltr'><strong>honesta,</strong></span> <span class='ocrx_word' id='word_1_170' title='bbox 983 1749 1149 1813; x_wconf 81' lang='lat' dir='ltr'><strong>inquit,</strong></span> <span class='ocrx_word' id='word_1_171' title='bbox 1178 1749 1291 1796; x_wconf 72' lang='lat' dir='ltr'><strong>afflo</strong></span> <span class='ocrx_word' id='word_1_172' title='bbox 1310 1766 1366 1796; x_wconf 87' lang='lat' dir='ltr'><strong>ex</strong></span> <span class='ocrx_word' id='word_1_173' title='bbox 1391 1766 1596 1812; x_wconf 89' lang='lat' dir='ltr'><strong>praecep-</strong></span> 
     </span>
     <span class='ocr_line' id='line_1_23' title="bbox 318 1822 1593 1884; baseline 0 -15"><span class='ocrx_word' id='word_1_174' title='bbox 318 1824 372 1870; x_wconf 75' lang='lat' dir='ltr'><strong>tis</strong></span> <span class='ocrx_word' id='word_1_175' title='bbox 394 1823 541 1878; x_wconf 86' lang='lat' dir='ltr'><strong>venit,</strong></span> <span class='ocrx_word' id='word_1_176' title='bbox 572 1823 625 1869; x_wconf 86' lang='lat' dir='ltr'><strong>ad</strong></span> <span class='ocrx_word' id='word_1_177' title='bbox 651 1823 821 1869; x_wconf 80' lang='lat' dir='ltr'><strong>beatam</strong></span> <span class='ocrx_word' id='word_1_178' title='bbox 855 1822 992 1870; x_wconf 85' lang='lat' dir='ltr'><strong>vitam</strong></span> <span class='ocrx_word' id='word_1_179' title='bbox 1028 1835 1258 1884; x_wconf 86' lang='lat' dir='ltr'><strong>praecepta</strong></span> <span class='ocrx_word' id='word_1_180' title='bbox 1284 1823 1453 1869; x_wconf 86' lang='lat' dir='ltr'><strong>abunde</strong></span> <span class='ocrx_word' id='word_1_181' title='bbox 1473 1823 1593 1869; x_wconf 89' lang='lat' dir='ltr'><strong>sunt:</strong></span> 
     </span>
     <span class='ocr_line' id='line_1_24' title="bbox 318 1896 1596 1961; baseline 0.001 -18"><span class='ocrx_word' id='word_1_182' title='bbox 318 1898 440 1961; x_wconf 78' lang='lat' dir='ltr'><strong>atqui</strong></span> <span class='ocrx_word' id='word_1_183' title='bbox 466 1897 527 1944; x_wconf 82' lang='lat' dir='ltr'><strong>est</strong></span> <span class='ocrx_word' id='word_1_184' title='bbox 553 1897 682 1944; x_wconf 85' lang='lat' dir='ltr'><strong>illud:</strong></span> <span class='ocrx_word' id='word_1_185' title='bbox 708 1914 815 1960; x_wconf 84' lang='lat' dir='ltr'><strong>ergo</strong></span> <span class='ocrx_word' id='word_1_186' title='bbox 836 1913 879 1944; x_wconf 92' lang='lat' dir='ltr'><strong>et</strong></span> <span class='ocrx_word' id='word_1_187' title='bbox 906 1898 1008 1944; x_wconf 80' lang='lat' dir='ltr'><strong>hoc.</strong></span> <span class='ocrx_word' id='word_1_188' title='bbox 1044 1897 1123 1942; x_wconf 82' lang='lat' dir='ltr'><strong>His</strong></span> <span class='ocrx_word' id='word_1_189' title='bbox 1153 1896 1487 1958; x_wconf 84' lang='lat' dir='ltr'><strong>respondemus,</strong></span> <span class='ocrx_word' id='word_1_190' title='bbox 1508 1898 1596 1944; x_wconf 90' lang='lat' dir='ltr'><strong>Ac-</strong></span> 
     </span>
     <span class='ocr_line' id='line_1_25' title="bbox 319 1968 1597 2033; baseline -0.001 -16"><span class='ocrx_word' id='word_1_191' title='bbox 319 1970 460 2018; x_wconf 78' lang='lat' dir='ltr'><strong>tiones</strong></span> <span class='ocrx_word' id='word_1_192' title='bbox 487 1970 687 2019; x_wconf 84' lang='lat' dir='ltr'><strong>honestas</strong></span> <span class='ocrx_word' id='word_1_193' title='bbox 707 1988 760 2017; x_wconf 79' lang='lat' dir='ltr'><strong>ex</strong></span> <span class='ocrx_word' id='word_1_194' title='bbox 792 1971 974 2018; x_wconf 87' lang='lat' dir='ltr'><strong>decretis</strong></span> <span class='ocrx_word' id='word_1_195' title='bbox 1004 1968 1124 2027; x_wconf 81' lang='lat' dir='ltr'><strong>fieri,</strong></span> <span class='ocrx_word' id='word_1_196' title='bbox 1152 1985 1242 2015; x_wconf 89' lang='lat' dir='ltr'><strong>non</strong></span> <span class='ocrx_word' id='word_1_197' title='bbox 1273 1983 1442 2016; x_wconf 88' lang='lat' dir='ltr'><strong>tantum</strong></span> <span class='ocrx_word' id='word_1_198' title='bbox 1472 1985 1597 2033; x_wconf 23' lang='lat' dir='ltr'><strong>prae·-</strong></span> 
     </span>
     <span class='ocr_line' id='line_1_26' title="bbox 321 2043 1595 2106; baseline -0.002 -16"><span class='ocrx_word' id='word_1_199' title='bbox 321 2044 471 2106; x_wconf 84' lang='lat' dir='ltr'><strong>ceptis.</strong></span> <span class='ocrx_word' id='word_1_200' title='bbox 501 2043 543 2089; x_wconf 80' lang='lat' dir='ltr'><strong>Si</strong></span> <span class='ocrx_word' id='word_1_201' title='bbox 574 2044 711 2098; x_wconf 87' lang='lat' dir='ltr'><strong>aliae,</strong></span> <span class='ocrx_word' id='word_1_202' title='bbox 746 2043 916 2106; x_wconf 85' lang='lat' dir='ltr'><strong>inquit,</strong></span> <span class='ocrx_word' id='word_1_203' title='bbox 947 2058 1057 2089; x_wconf 85' lang='lat' dir='ltr'><strong>artes</strong></span> <span class='ocrx_word' id='word_1_204' title='bbox 1088 2053 1320 2090; x_wconf 80' lang='lat' dir='ltr'><strong>contentae</strong></span> <span class='ocrx_word' id='word_1_205' title='bbox 1344 2043 1440 2089; x_wconf 88' lang='lat' dir='ltr'><strong>sunt</strong></span> <span class='ocrx_word' id='word_1_206' title='bbox 1468 2059 1595 2103; x_wconf 88' lang='lat' dir='ltr'><strong>prae-</strong></span> 
     </span>
     <span class='ocr_line' id='line_1_27' title="bbox 306 2105 1595 2178; baseline -0.001 -14"><span class='ocrx_word' id='word_1_207' title='bbox 306 2115 483 2178; x_wconf 67' lang='lat' dir='ltr'><strong>ceptis,</strong></span> <span class='ocrx_word' id='word_1_208' title='bbox 512 2129 718 2162; x_wconf 77' lang='lat' dir='ltr'><strong>contenta</strong></span> <span class='ocrx_word' id='word_1_209' title='bbox 748 2116 830 2161; x_wconf 81' lang='lat' dir='ltr'><strong>erit</strong></span> <span class='ocrx_word' id='word_1_210' title='bbox 855 2128 898 2161; x_wconf 90' lang='lat' dir='ltr'><strong>et</strong></span> <span class='ocrx_word' id='word_1_211' title='bbox 929 2105 1132 2177; x_wconf 71' lang='lat' dir='ltr'><strong>sapientia</strong></span> <span class='ocrx_word' id='word_1_212' title='bbox 1155 2132 1284 2161; x_wconf 89' lang='lat' dir='ltr'><strong>:nam</strong></span> <span class='ocrx_word' id='word_1_213' title='bbox 1313 2126 1356 2162; x_wconf 91' lang='lat' dir='ltr'><strong>et</strong></span> <span class='ocrx_word' id='word_1_214' title='bbox 1389 2115 1496 2163; x_wconf 81' lang='lat' dir='ltr'><strong>haec</strong></span> <span class='ocrx_word' id='word_1_215' title='bbox 1530 2132 1595 2163; x_wconf 88' lang='lat' dir='ltr'><strong>ars</strong></span> 
     </span>
    </p>
   </div>
   <div class='ocr_carea' id='block_1_6' title="bbox 320 2188 1645 2252">
    <p class='ocr_par' dir='ltr' id='par_1_6' title="bbox 320 2188 1645 2252">
     <span class='ocr_line' id='line_1_28' title="bbox 320 2188 1645 2252; baseline -0.002 -16"><span class='ocrx_word' id='word_1_216' title='bbox 320 2190 436 2237; x_wconf 84' lang='lat' dir='ltr'><strong>vitae</strong></span> <span class='ocrx_word' id='word_1_217' title='bbox 466 2188 539 2236; x_wconf 85' lang='lat' dir='ltr'><strong>est.</strong></span> <span class='ocrx_word' id='word_1_218' title='bbox 568 2189 700 2252; x_wconf 84' lang='lat' dir='ltr'><strong>Atqui</strong></span> <span class='ocrx_word' id='word_1_219' title='bbox 736 2189 1074 2252; x_wconf 88' lang='lat' dir='ltr'><strong>gubernatorem</strong></span> <span class='ocrx_word' id='word_1_220' title='bbox 1102 2188 1203 2236; x_wconf 79' lang='lat' dir='ltr'><strong>facit</strong></span> <span class='ocrx_word' id='word_1_221' title='bbox 1230 2189 1300 2235; x_wconf 87' lang='lat' dir='ltr'><strong>ille</strong></span> <span class='ocrx_word' id='word_1_222' title='bbox 1326 2188 1401 2251; x_wconf 86' lang='lat' dir='ltr'><strong>qui</strong></span> <span class='ocrx_word' id='word_1_223' title='bbox 1427 2189 1596 2251; x_wconf 86' lang='lat' dir='ltr'><strong>praeci·</strong></span> <span class='ocrx_word' id='word_1_224' title='bbox 1642 2225 1645 2227; x_wconf 76' lang='lat'>.</span> 
     </span>
    </p>
   </div>
   <div class='ocr_carea' id='block_1_7' title="bbox 321 2259 1598 2545">
    <p class='ocr_par' dir='ltr' id='par_1_7' title="bbox 321 2259 1598 2545">
     <span class='ocr_line' id='line_1_29' title="bbox 323 2259 1598 2323; baseline -0.002 -17"><span class='ocrx_word' id='word_1_225' title='bbox 323 2262 413 2323; x_wconf 81' lang='lat' dir='ltr'><strong>pit,</strong></span> <span class='ocrx_word' id='word_1_226' title='bbox 440 2261 509 2306; x_wconf 87' lang='lat' dir='ltr'><strong>Sic</strong></span> <span class='ocrx_word' id='word_1_227' title='bbox 541 2277 674 2307; x_wconf 83' lang='lat' dir='ltr'><strong>move</strong></span> <span class='ocrx_word' id='word_1_228' title='bbox 699 2259 1039 2323; x_wconf 82' lang='lat' dir='ltr'><strong>gubernaculum</strong></span> <span class='ocrx_word' id='word_1_229' title='bbox 1058 2296 1070 2316; x_wconf 93' lang='lat'><strong>,</strong></span> <span class='ocrx_word' id='word_1_230' title='bbox 1100 2259 1155 2307; x_wconf 87' lang='lat' dir='ltr'><strong>sic</strong></span> <span class='ocrx_word' id='word_1_231' title='bbox 1178 2260 1274 2307; x_wconf 84' lang='lat' dir='ltr'><strong>vela</strong></span> <span class='ocrx_word' id='word_1_232' title='bbox 1295 2259 1520 2316; x_wconf 86' lang='lat' dir='ltr'><strong>submitte,</strong></span> <span class='ocrx_word' id='word_1_233' title='bbox 1542 2259 1598 2305; x_wconf 87' lang='lat' dir='ltr'><strong>fic</strong></span> 
     </span>
     <span class='ocr_line' id='line_1_30' title="bbox 321 2323 1597 2391; baseline -0.004 -10"><span class='ocrx_word' id='word_1_234' title='bbox 321 2323 514 2382; x_wconf 70' lang='lat' dir='ltr'><strong>secundo</strong></span> <span class='ocrx_word' id='word_1_235' title='bbox 540 2346 676 2381; x_wconf 89' lang='lat' dir='ltr'><strong>vento</strong></span> <span class='ocrx_word' id='word_1_236' title='bbox 703 2344 849 2391; x_wconf 85' lang='lat' dir='ltr'><strong>utere,</strong></span> <span class='ocrx_word' id='word_1_237' title='bbox 883 2332 940 2380; x_wconf 79' lang='lat' dir='ltr'><strong>sic</strong></span> <span class='ocrx_word' id='word_1_238' title='bbox 970 2333 1155 2380; x_wconf 85' lang='lat' dir='ltr'><strong>adverso</strong></span> <span class='ocrx_word' id='word_1_239' title='bbox 1184 2331 1324 2379; x_wconf 79' lang='lat' dir='ltr'><strong>resiste</strong></span> <span class='ocrx_word' id='word_1_240' title='bbox 1342 2368 1354 2389; x_wconf 92' lang='lat'><strong>‚</strong></span> <span class='ocrx_word' id='word_1_241' title='bbox 1385 2331 1442 2378; x_wconf 85' lang='lat' dir='ltr'><strong>fic</strong></span> <span class='ocrx_word' id='word_1_242' title='bbox 1469 2331 1597 2376; x_wconf 87' lang='lat' dir='ltr'><strong>dubi-</strong></span> 
     </span>
     <span class='ocr_line' id='line_1_31' title="bbox 321 2405 1596 2471; baseline -0.003 -18"><span class='ocrx_word' id='word_1_243' title='bbox 321 2424 397 2453; x_wconf 81' lang='lat' dir='ltr'><strong>um</strong></span> <span class='ocrx_word' id='word_1_244' title='bbox 428 2423 797 2471; x_wconf 86' lang='lat' dir='ltr'><strong>communemque</strong></span> <span class='ocrx_word' id='word_1_245' title='bbox 829 2407 907 2452; x_wconf 89' lang='lat' dir='ltr'><strong>tibi</strong></span> <span class='ocrx_word' id='word_1_246' title='bbox 942 2406 1133 2454; x_wconf 85' lang='lat' dir='ltr'><strong>vindica.</strong></span> <span class='ocrx_word' id='word_1_247' title='bbox 1167 2405 1288 2451; x_wconf 89' lang='lat' dir='ltr'><strong>Alios</strong></span> <span class='ocrx_word' id='word_1_248' title='bbox 1319 2420 1500 2468; x_wconf 87' lang='lat' dir='ltr'><strong>quoque</strong></span> <span class='ocrx_word' id='word_1_249' title='bbox 1527 2420 1596 2449; x_wconf 89' lang='lat' dir='ltr'><strong>ar-</strong></span> 
     </span>
     <span class='ocr_line' id='line_1_32' title="bbox 321 2477 1593 2545; baseline -0.006 -16"><span class='ocrx_word' id='word_1_250' title='bbox 321 2481 464 2530; x_wconf 80' lang='lat' dir='ltr'><strong>tifices</strong></span> <span class='ocrx_word' id='word_1_251' title='bbox 497 2494 725 2545; x_wconf 79' lang='lat' dir='ltr'><strong>praecepta</strong></span> <span class='ocrx_word' id='word_1_252' title='bbox 756 2479 1056 2529; x_wconf 76' lang='lat' dir='ltr'><strong>confirmant:</strong></span> <span class='ocrx_word' id='word_1_253' title='bbox 1090 2496 1199 2544; x_wconf 82' lang='lat' dir='ltr'><strong>ergo</strong></span> <span class='ocrx_word' id='word_1_254' title='bbox 1228 2495 1318 2526; x_wconf 87' lang='lat' dir='ltr'><strong>non</strong></span> <span class='ocrx_word' id='word_1_255' title='bbox 1355 2480 1442 2526; x_wconf 85' lang='lat' dir='ltr'><strong>hoc</strong></span> <span class='ocrx_word' id='word_1_256' title='bbox 1476 2477 1593 2524; x_wconf 80' lang='lat' dir='ltr'><strong>idem</strong></span> 
     </span>
    </p>
   </div>
   <div class='ocr_carea' id='block_1_8' title="bbox 1766 0 1797 1251">
    <p class='ocr_par' dir='ltr' id='par_1_8' title="bbox 1766 0 1797 1251">
     <span class='ocr_line' id='line_1_33' title="bbox 1766 0 1797 1251; baseline 0 0"><span class='ocrx_word' id='word_1_257' title='bbox 1766 0 1797 1251; x_wconf 95' lang='lat' dir='ltr'><strong> </strong></span> 
     </span>
    </p>
   </div>
   <div class='ocr_carea' id='block_1_9' title="bbox 1783 1673 1792 1919">
    <p class='ocr_par' dir='ltr' id='par_1_9' title="bbox 1783 1673 1792 1919">
     <span class='ocr_line' id='line_1_34' title="bbox 1783 1673 1792 1803; baseline 0 -98"><span class='ocrx_word' id='word_1_258' title='bbox 1783 1673 1792 1803; x_wconf 46' lang='grc' dir='ltr'>Ξ</span> 
     </span>
     <span class='ocr_line' id='line_1_35' title="bbox 1784 1805 1792 1919; baseline 0 -28"><span class='ocrx_word' id='word_1_259' title='bbox 1784 1805 1792 1919; x_wconf 58' lang='lat' dir='ltr'><strong>i</strong></span> 
     </span>
    </p>
   </div>
   <div class='ocr_carea' id='block_1_10' title="bbox 1778 1921 1797 2854">
    <p class='ocr_par' dir='ltr' id='par_1_10' title="bbox 1778 1921 1797 2854">
     <span class='ocr_line' id='line_1_36' title="bbox 1778 1921 1797 2854; textangle 90"><span class='ocrx_word' id='word_1_260' title='bbox 1778 2402 1797 2854; x_wconf 38' lang='lat' dir='ltr'><strong>:LAL—ssamjg—kza——s—*g—*</strong></span> <span class='ocrx_word' id='word_1_261' title='bbox 1781 2261 1797 2390; x_wconf 48' lang='lat' dir='ltr'><strong>{rh-221·</strong></span> <span class='ocrx_word' id='word_1_262' title='bbox 1787 2226 1792 2249; x_wconf 69' lang='lat'><strong>-..</strong></span> <span class='ocrx_word' id='word_1_263' title='bbox 1779 2079 1792 2219; x_wconf 39' lang='lat' dir='ltr'>..J-Q·</span> <span class='ocrx_word' id='word_1_264' title='bbox 1787 1989 1792 2049; x_wconf 27' lang='lat' dir='ltr'><strong>um„</strong></span> <span class='ocrx_word' id='word_1_265' title='bbox 1788 1949 1792 1976; x_wconf 67' lang='grc'><strong>-,</strong></span> <span class='ocrx_word' id='word_1_266' title='bbox 1788 1921 1792 1938; x_wconf 24' lang='grc' dir='ltr'><strong>Α,</strong></span> 
     </span>
    </p>
   </div>
   <div class='ocr_carea' id='block_1_11' title="bbox 1782 2891 1796 2956">
    <p class='ocr_par' dir='ltr' id='par_1_11' title="bbox 1782 2891 1796 2956">
     <span class='ocr_line' id='line_1_37' title="bbox 1782 2891 1796 2956; textangle 90"><span class='ocrx_word' id='word_1_267' title='bbox 1782 2891 1796 2956; x_wconf 35' lang='grc' dir='ltr'><strong>με</strong></span> 
     </span>
    </p>
   </div>
   <div class='ocr_carea' id='block_1_12' title="bbox 1795 2385 1797 2942">
    <p class='ocr_par' dir='ltr' id='par_1_12' title="bbox 1795 2385 1797 2942">
     <span class='ocr_line' id='line_1_38' title="bbox 1795 2385 1797 2942; baseline 0 0"><span class='ocrx_word' id='word_1_268' title='bbox 1795 2385 1797 2942; x_wconf 95' lang='lat' dir='ltr'><strong> </strong></span> 
     </span>
    </p>
   </div>
  </div>
 </body>
</html>
