1797 2956
321 144 410 205 306
579 142 624 186 L.
677 140 972 186 ΑΝΝΑΕΙ
1019 140 1374 188 SENECAE

317 259 404 305 tas,
423 245 572 310 postea
587 244 769 291 Cossum
787 244 890 291 fecit
906 244 1021 292 urbis
1035 246 1316 307 praefefium,
1330 247 1474 294 virum
1495 264 1596 310 gra-

317 336 447 377 vem,
466 320 739 364 moderatum
759 352 772 372 ,
797 316 866 362 sed
886 316 1073 363 mersum
1100 318 1230 374 vino,
1248 329 1291 365 et
1316 319 1560 365 madentem
1585 337 1596 365 ε

317 393 453 448 adeo,
485 404 532 437 ut
565 408 616 437 ex
644 390 787 437 senatu
819 390 1077 452 aliquando,
1105 389 1148 435 in
1175 408 1306 454 quem
1328 408 1351 438 e
1378 393 1597 440 convivio

319 479 533 520 venerat,
572 463 799 526 oppress‘us
837 462 1102 510 inexcitabili
1136 463 1322 521 somne,
1359 466 1598 513 tolleretur.

319 538 434 585 Huic
459 553 605 583 tamen
624 536 829 582 Tiberius
855 535 986 580 multa
1016 534 1086 580 sua
1113 552 1242 582 manu
1266 536 1457 599 scripfit,
1487 555 1601 601 quae

319 609 634 657 committenda
656 626 708 654 ne
729 607 935 654 ministris
952 608 1128 671 quidem
1154 609 1235 655 suis
1254 610 1482 657 iudicabat.
1498 613 1539 657 N
1545 611 1600 656 ul-

316 684 407 730 lum
443 681 583 727 Coffo
621 692 693 726 aut
730 681 949 742 privatum
986 679 1227 737 secretum,
1265 693 1338 727 aut
1374 684 1597 744 publicum

319 754 511 816 elapsum
541 752 612 799 est.
638 757 783 814 ltaque
801 751 1135 798 declamationes
1163 751 1259 799 istas
1283 753 1338 800 de
1361 756 1509 802 medio
1530 773 1599 802 re-

319 845 594 876 moveamus.
622 827 728 872 Non
750 826 810 872 est
834 827 1003 873 animus
1030 827 1074 872 in
1094 827 1163 872 sua
1190 828 1426 889 potestate,
1456 830 1599 877 ebrie-

319 915 404 949 tate
452 901 696 947 devinctus.
752 899 1145 958 Quemadmodum
1185 900 1327 947 musto
1358 901 1476 948 dolia
1509 902 1599 966 ipsa

320 988 609 1037 rumpuntur,
645 985 688 1018 et
722 989 857 1018 omne
890 972 1014 1034 quod
1044 971 1087 1016 in
1114 971 1207 1017 imo
1232 972 1376 1031 iacet,
1406 974 1452 1019 in
1481 974 1597 1021 sum-

323 1065 438 1094 mam
473 1059 639 1109 partem
675 1045 744 1091 vis
777 1044 936 1090 caloris
964 1044 1116 1090 eieciat
1145 1062 1155 1090 :
1187 1045 1243 1091 fic
1270 1048 1378 1094 vino
1402 1050 1598 1095 exaestu-

323 1136 451 1178 ante,
482 1118 695 1183 quidquid
723 1118 765 1163 in
797 1119 891 1164 imo
917 1118 1026 1164 iacet
1058 1119 1281 1177 abditum,
1324 1121 1524 1181 effertur,
1556 1135 1599 1170 et

321 1193 471 1258 prodit
500 1192 544 1237 in
572 1190 779 1236 medium.
826 1190 1012 1235 Onerati
1039 1207 1192 1245 mem,
1219 1194 1597 1254 quemadmodum

320 1285 413 1314 non
440 1264 666 1313 continent
695 1263 841 1309 cibum
858 1296 871 1318 ,
902 1262 1014 1306 vino
1036 1263 1333 1321 redundante,
1363 1264 1421 1310 ita
1450 1283 1504 1312 ne
1531 1267 1598 1313 se-

321 1354 486 1388 cretum
515 1338 693 1400 quidem
717 1353 726 1380 :
755 1335 878 1397 quod
904 1335 1026 1381 suum
1053 1336 1333 1399 alienumque
1363 1337 1451 1393 est,
1483 1341 1599 1402 pari·

320 1427 386 1460 ter
420 1411 665 1459 effundunt.
717 1409 799 1455 Sed
847 1408 1051 1471 quamvis
1082 1409 1170 1456 hoc
1199 1408 1333 1456 soleat
1363 1411 1559 1459 accidere
1585 1449 1600 1471 ,

320 1488 380 1534 ita
410 1499 451 1533 et
482 1486 586 1533 illud
611 1484 740 1541 solet,
771 1496 816 1530 ut
846 1501 946 1531 cum
975 1484 1040 1531 his
1063 1500 1177 1547 quos
1209 1483 1367 1530 scimus
1392 1485 1600 1534 libentius

318 1562 490 1618 bibere,
512 1562 564 1607 de
593 1560 719 1606 rebus
738 1558 978 1606 necessariis
1002 1559 1310 1607 deliberemus.
1344 1559 1511 1606 Falsum
1536 1559 1597 1607 est

317 1652 426 1698 ergo
451 1636 561 1692 hoc,
582 1634 702 1698 quod
726 1632 955 1695 patrocinii
984 1632 1088 1679 loco
1118 1633 1325 1695 ponitur,
1356 1632 1396 1678 ei
1425 1633 1502 1695 qui
1531 1633 1599 1679 so-

316 1709 400 1755 leat
434 1708 580 1754 ebrius
617 1706 742 1761 fieri,
777 1722 868 1752 non
904 1706 997 1751 dari
1031 1705 1224 1752 tacitum.
1257 1707 1439 1764 Quanto
1470 1706 1599 1754 satius

317 1781 400 1837 est,
427 1795 573 1844 aperte
593 1778 792 1826 accusare
823 1776 1072 1824 ebrietatem
1089 1813 1101 1834 ,
1130 1791 1174 1823 et
1205 1775 1312 1822 vitia
1340 1775 1431 1823 eius
1457 1793 1598 1839 expo-

317 1855 455 1901 nere?
492 1869 602 1917 quae
635 1850 765 1899 etiam
798 1851 1036 1897 tolerabilis
1070 1851 1211 1896 homo
1243 1848 1483 1907 vitaverit,
1519 1866 1599 1896 ne-

317 1930 422 1975 dum
452 1928 667 1992 perfe&us
693 1943 743 1973 ac
769 1925 949 1988 sapiens.
989 1925 1059 1972 cui
1092 1924 1191 1971 satis
1210 1923 1270 1970 est
1298 1922 1409 1970 fitim
1439 1923 1598 1970 exstin-

315 2019 480 2067 guere:
518 2002 593 2066 qui
620 2000 783 2049 etiamsi
821 2000 1000 2063 quando
1032 2015 1129 2046 orta
1154 1998 1215 2045 est
1245 1997 1461 2053 hilaritas,
1493 1998 1597 2045 alie-

315 2093 369 2121 na
393 2074 516 2121 causa
544 2074 760 2135 produfita
788 2072 991 2135 longius,
1019 2084 1165 2118 tamen
1201 2070 1308 2117 citra
1340 2070 1594 2117 ebrietatem

313 2146 476 2194 resistit.
518 2147 633 2194 Nam
664 2146 718 2192 de
749 2144 826 2190 illo
861 2143 1141 2200 videbimus,
1175 2159 1229 2188 an
1263 2140 1467 2204 sapientis
1500 2141 1595 2186 ani-

312 2237 410 2267 mus
435 2220 575 2266 nimio
603 2219 713 2268 vino
739 2218 964 2274 turbetur,
988 2229 1032 2263 et
1058 2215 1190 2262 faciat
1215 2214 1346 2261 ebriis
1372 2214 1507 2260 solita.
1527 2216 1594 2260 ln-

312 2294 442 2339 terim
472 2293 502 2339 fi
529 2293 618 2340 hoc
652 2292 857 2355 colligere
888 2291 985 2347 vis,
1016 2289 1162 2337 virum
1194 2288 1366 2334 bonum
1395 2303 1485 2333 non
1518 2287 1593 2332 de-

311 2363 416 2410 bere
451 2363 622 2411 ebrium
653 2362 780 2420 fieri,
809 2379 888 2409 cur
920 2359 1183 2426 syllogismis
1210 2359 1328 2423 agis?
1355 2358 1426 2405 dic
1461 2374 1589 2422 quam

313 2448 442 2499 turpe
460 2438 510 2484 lit
530 2435 626 2500 plus
649 2434 726 2483 fibi
755 2435 951 2499 ingerere
972 2450 1105 2499 quam
1128 2431 1292 2496 capiat,
1319 2443 1362 2480 et
1380 2430 1591 2480 stomachi
