1807 3004
538 208 1125 258 EPISTOLAE.
1417 224 1469 255 ιι

532 356 1001 425 ΕἰζῑετοίΑ
1086 354 1143 400 V.

203 497 329 541 Arce:
347 496 398 539 ab
418 482 679 560 ostentatione
697 492 985 552 Philosophiae
1004 526 1015 544 ‚
1045 487 1087 535 G
1107 508 1157 535 ne
1180 493 1291 535 cultu
1310 490 1473 534 notabi-

216 571 218 573 ’
265 570 341 612 lem
374 581 448 612 aut
469 565 798 625 vic‘lasefaciat.
842 567 942 609 Non
960 565 1149 624 spernere
1176 565 1290 624 vulgi
1316 564 1479 620 omnia,

260 640 335 698 [ὲᾶ
359 642 508 684 modice
535 640 739 695 adhibere,
769 637 810 684 ὃ*
838 641 941 684 circa
973 640 1139 684 vitium.
1182 639 1330 682 Sordes
1361 639 1477 681 abdi*

265 728 331 757 cat
351 729 366 756 :
386 715 444 756 ad
460 714 649 757 Naturae
674 715 795 773 legem
829 729 905 755 nos
936 725 1067 755 vocat.
1107 711 1307 769 Clauficla
1323 709 1399 771 est,
1425 726 1479 752 ex

268 785 497 838 Ηεεαῑοηε,
525 787 570 828 de
596 785 695 844 Spei
715 781 758 829 δ’
790 785 926 828 Metus
952 782 1251 827 coniunffione.
1295 782 1483 825 Liberum

266 857 473 899 abraltero
505 853 600 918 effi,
631 857 703 916 qui
729 859 896 901 alteram
915 856 1053 915 pofitit
1078 873 1095 901 .·
1122 855 1348 900 obnoxium
1375 854 1481 898 uario

268 945 343 988 que
359 962 372 983 ‚
399 945 469 988 qul
501 945 591 973 um.
611 943 614 946 ·

212 1049 334 1186 Q
351 1118 467 1162 UOD
498 1114 779 1178 pertinaciter
810 1115 974 1173 studes,
999 1130 1043 1163 et
1062 1114 1270 1162 omnibus
1297 1115 1487 1175 omiffis,

204 1187 291 1234 hoc
323 1206 457 1235 unum
487 1188 601 1251 agis,
620 1203 667 1235 ut
699 1204 742 1235 te
770 1190 971 1252 quotidie
997 1189 1231 1235 meliorem
1261 1189 1416 1247 facias,
1444 1203 1488 1236 et

206 1261 351 1323 probo
371 1274 412 1308 et
433 1261 602 1324 gaudeo
625 1279 635 1307 :
657 1279 736 1309 nec
756 1276 924 1308 tantum
953 1263 1132 1319 hortor,
1155 1274 1202 1307 ut
1217 1263 1487 1324 perseveres,

208 1334 279 1381 sed
299 1334 428 1380 etiam
456 1351 584 1397 rogo.
612 1335 721 1380 lllud
751 1347 891 1381 autem
913 1348 953 1381 te
978 1335 1227 1391 admoneo,
1248 1352 1302 1380 ne
1329 1351 1488 1381 eorum

208 1422 334 1453 more
358 1406 432 1469 qui
456 1423 547 1453 non
576 1406 793 1469 proficere
811 1444 824 1464 ‚
854 1409 927 1455 sed
953 1408 1147 1471 conspici
1177 1409 1359 1471 cupiunt
1373 1445 1388 1466 ‚
1421 1408 1488 1454 fa.-

208 1478 291 1526 cias
322 1478 494 1541 aliqua,
531 1496 640 1542 quae
677 1479 720 1524 in
753 1479 902 1527 habitu
933 1492 1041 1539 tuo,
1077 1492 1148 1526 aut
1179 1497 1338 1544 genere
1372 1480 1490 1528 vitae

209 1552 413 1598 notabilia
437 1552 528 1600 fint.
560 1554 769 1616 Asperum
801 1555 966 1601 cultum
983 1591 995 1613 ,
1017 1569 1060 1601 et
1082 1554 1306 1600 intonsum
1337 1565 1491 1617 caput,

208 1642 251 1672 et
271 1625 631 1689 negligentiorem
658 1627 859 1684 barbam,
884 1642 925 1674 et
944 1627 1157 1673 indffium
1192 1640 1376 1690 argento
1396 1625 1494 1672 odi·

210 1715 282 1743 um
301 1734 313 1755 ‚
332 1712 374 1744 et
397 1698 538 1744 cubile
557 1698 678 1744 humi
704 1699 919 1760 positum,
946 1711 989 1746 et
1015 1698 1232 1762 quidquid
1258 1700 1375 1746 aliud
1396 1716 1495 1746 am-

212 1772 425 1820 bitionem
456 1773 658 1835 perversa
686 1774 759 1820 via
788 1774 1006 1837 sequitur,
1039 1774 1174 1822 evita.
1214 1775 1323 1820 Satis
1350 1775 1494 1837 ipsum

211 1860 374 1890 nomen
397 1843 697 1906 philosophiae
714 1879 726 1901 ‚
750 1845 878 1890 etiarn
902 1843 931 1889 fi
955 1843 1150 1890 modeste
1174 1845 1381 1890 trailetur
1396 1880 1408 1901 ,
1430 1845 1495 1890 in-

214 1915 434 1962 vidiosum
472 1915 545 1963 est.
584 1917 710 1976 Quid
741 1916 769 1961 fi
807 1933 886 1963 nos
916 1917 1149 1962 hominum
1187 1916 1494 1964 consuetudini

214 1989 489 2051 coeperimus
513 1995 748 2052 excerpere
772 1989 790 2036 ἓ
824 1992 941 2036 Intus
970 1989 1122 2035 omnia
1143 1989 1360 2036 diffimilia
1378 1990 1493 2038 fint:

213 2060 336 2107 frons
368 2061 511 2106 nostra
542 2061 712 2124 populo
743 2062 992 2108 conveniat.
1029 2064 1140 2108 Non
1171 2061 1393 2125 splendeat
1423 2075 1495 2109 to-

214 2149 265 2195 ga
287 2150 297 2179 :
320 2148 373 2178 ne
399 2131 568 2179 sordeat
587 2133 781 2196 quidem.
800 2150 889 2179 non
909 2134 1145 2181 habeamus
1169 2146 1395 2198 argentum
1413 2169 1426 2190 ‚
1447 2135 1495 2182 in

213 2208 336 2269 quod
350 2203 473 2253 solidi
485 2207 581 2253 auri
599 2208 810 2255 caelatura
831 2209 1120 2256 descenderit:
1157 2209 1232 2258 sed
1256 2227 1345 2256 non
1363 2228 1495 2274 pute-

216 2295 315 2325 mus
343 2278 598 2342 frugalitatis
623 2280 831 2326 indicium
861 2298 970 2327 auro
995 2293 1271 2346 argentoque
1301 2283 1496 2347 caruisse,

216 2352 265 2397 Id
291 2368 491 2414 agamus,
509 2363 558 2397 ut
577 2353 808 2400 meliorem
831 2354 968 2401 vitam
989 2354 1220 2418 sequamur
1244 2373 1374 2418 quam
1397 2357 1496 2403 vul-2
1512 2368 1566 2401 N

217 2442 318 2488 gns,
342 2442 431 2471 non
450 2437 499 2472 ut
517 2428 777 2474 contrariam
798 2447 808 2474 ε
828 2428 995 2491 alioqui
1020 2445 1135 2492 quos
1163 2430 1386 2476 emendari
1406 2447 1495 2477 ’νο-2

218 2497 389 2559 lumus,
414 2499 645 2565 fugamus,
673 2517 718 2549 et
747 2518 772 2548 a
804 2503 932 2551 nobis
957 2503 1210 2553 avertimus.
1246 2505 1355 2551 Illud
1382 2520 1497 2569 quo-
