1797 2956
325 180 415 228 352
551 165 598 210 L.
661 162 962 209 ΑΝΝΑΕΙ
1024 162 1375 209 SENECAE

318 289 405 323 tem
421 306 434 327 ‚
452 273 608 339 quibus
633 271 952 336 perrumpenda
975 269 1116 333 caligo
1135 269 1194 317 est
1212 306 1224 327 ‚
1249 285 1291 318 et
1311 286 1503 334 quorum
1525 269 1595 318 vi-

318 349 386 395 sus
413 349 456 394 in
485 348 693 410 proximo
723 345 897 400 deficit,
919 345 1079 408 singula
1105 362 1302 409 quaeque
1329 346 1499 392 ostendi
1525 345 1593 392 fa-

319 422 443 468 cilius
469 421 672 483 poffiint,
703 420 891 466 universi
919 421 1115 464 nondum
1147 419 1390 480 capacibus.
1421 419 1594 465 Faciam

316 508 424 555 ergo
455 493 576 554 quod
603 491 769 553 exigis,
805 503 848 536 et
873 489 1198 552 philosophiam
1226 490 1268 536 in
1299 502 1468 553 partes,
1504 505 1595 535 non

317 566 361 612 in
387 565 515 610 frusta
529 600 542 620 ,
562 565 771 610 dividam.
793 562 952 609 Dividi
973 563 1089 610 enim
1108 562 1220 608 illam
1237 598 1252 618 ‚
1281 579 1369 608 non
1389 562 1595 620 concidi,

316 638 420 684 utile
440 637 514 683 est.
545 655 646 683 nam
675 636 1070 698 comprehendere,
1098 637 1470 696 quemadmodum
1501 652 1609 680 ma·

315 712 453 767 xima,
474 711 529 756 ita
558 710 762 765 minima,
786 708 958 754 difficile
989 707 1062 754 est.
1088 708 1362 754 Describitur
1385 708 1426 753 in
1455 709 1594 755 tribus

314 782 530 846 populus,
556 781 600 826 in
626 783 838 828 centurias
862 782 1091 826 exercitus.
1132 780 1367 843 Quidquid
1392 781 1437 825 in
1455 781 1593 837 ¹maius

316 854 458 901 crevit
472 888 484 907 ‚
505 853 671 900 facilius
689 852 935 916 agnoscitur
949 889 963 909 ‚
981 851 1011 897 si
1037 851 1220 898 disceffit
1237 851 1280 896 in
1300 863 1438 913 partes
1457 869 1468 898 :
1486 869 1593 915 quas

317 926 388 990 (ut
409 926 530 985 dix-i)
562 925 898 971 innumerabiles
920 924 1030 980 effe,
1058 938 1099 970 et
1119 940 1274 986 parvas
1290 960 1303 980 ‚
1332 940 1422 969 non
1452 940 1597 986 op0r2

314 1012 387 1046 tet.
433 999 553 1045 [dem
577 997 694 1043 enim
721 997 814 1042 vitii
838 997 969 1043 habet
993 997 1153 1052 nimia,
1181 996 1303 1059 quod
1335 997 1449 1042 nulla
1475 996 1591 1044 divi-

312 1073 375 1118 fio
402 1090 412 1119 ε
445 1071 581 1118 simile
611 1070 797 1118 confuso
830 1070 919 1127 est,
950 1071 1167 1134 quidquid
1198 1071 1335 1134 usque
1363 1070 1405 1116 in
1435 1071 1593 1132 pulve-

313 1162 408 1191 rem
438 1143 598 1190 festum
629 1143 702 1189 est.
736 1142 928 1188 Primum
960 1143 1128 1206 itaque,
1152 1143 1257 1189 ficut
1286 1142 1459 1188 videtur
1478 1179 1491 1199 ,
1516 1142 1594 1189 tibi

315 1218 458 1265 dicam
478 1251 491 1272 ‚
524 1218 636 1263 inter
671 1216 920 1278 sapientiam
958 1229 1000 1262 et
1031 1216 1352 1278 philosophiam
1380 1217 1483 1276 quid
1524 1217 1593 1261 in·-

315 1292 446 1338 terfir.
472 1289 689 1352 Sapientia
716 1288 954 1349 perse-{lum
984 1288 1152 1333 bonum
1179 1287 1240 1333 est
1261 1289 1414 1333 mentis
1443 1288 1596 1332 huma-

315 1381 397 1410 nae
424 1382 433 1407 ε
466 1362 745 1426 philosophia
778 1362 1005 1423 sapientiae
1043 1377 1169 1406 amor
1204 1360 1264 1407 est
1294 1374 1336 1406 et
1369 1360 1596 1408 affeciario.

314 1439 436 1484 Haec
466 1436 677 1492 ostendit,
708 1451 800 1498 quo
828 1435 895 1480 illa
930 1433 1147 1497 pervenit.
1178 1434 1455 1493 Philosophia
1479 1436 1593 1482 unde

315 1509 424 1556 dicia
444 1507 512 1565 sit,
539 1518 717 1570 apparet
748 1523 759 1551 :
789 1505 884 1567 ipso
910 1506 1026 1551 enim
1061 1506 1238 1551 nomine
1265 1504 1436 1552 fatetur.
1472 1508 1594 1567 Qui-

314 1583 415 1630 dam
448 1580 696 1644 sapientia-in
720 1581 781 1625 ita
810 1577 1034 1635 finierunt,
1065 1591 1111 1625 ut
1136 1579 1331 1626 dicerent
1357 1598 1450 1626 eam
1481 1580 1595 1626 divi-

315 1671 477 1702 norum
504 1670 547 1701 et
577 1654 868 1700 humanorum
900 1651 1133 1698 scientiam.
1176 1653 1371 1711 Quidam
1400 1654 1488 1700 ita:
1515 1656 1593 1701 Sa·

315 1728 479 1793 pientia
497 1727 584 1783 est,
613 1726 731 1772 noffe
750 1726 897 1772 divl‘ia
924 1739 966 1772 et
995 1727 1212 1782 humana,
1232 1740 1274 1772 et
1302 1728 1461 1774 horum
1491 1746 1596 1775 cau-

314 1803 390 1850 sas.
409 1804 683 1862 Supervacua
709 1800 812 1846 mihi
834 1801 1007 1849 vid-etur
1025 1802 1129 1848 haee
1153 1803 1360 1864 adffeffio,
1378 1803 1477 1865 quia
1499 1820 1596 1850 cau·

315 1877 382 1924 sae
408 1874 664 1921 divinorum
691 1874 1071 1938 humanorumque
1096 1889 1234 1938 partes
1253 1878 1362 1922 sunt.
1398 1877 1594 1924 Philoso-

315 1948 463 2012 phiam
490 1963 671 2009 quoque
701 1946 877 1993 fuerunt
911 1948 986 2010 qui
1016 1948 1139 1994 aliter
1171 1962 1300 2011 atque
1332 1949 1454 1997 aliter
1482 1949 1593 1996 defi-

316 2020 473 2066 nirent.
499 2019 594 2076 alii,
620 2017 810 2065 studium
831 2019 943 2065 illam
972 2020 1144 2066 virturis
1171 2021 1253 2066 effe
1274 2021 1474 2068 dixerunt
1491 2039 1504 2077 ;
1523 2021 1596 2068 alii

314 2093 501 2140 studium
521 2093 807 2155 corrigendae
832 2093 998 2139 mentis.
1045 2098 1080 2139 A
1113 2095 1367 2156 quibusdam
1398 2095 1507 2140 effla
1538 2095 1598 2141 est

316 2165 527 2228 appetitio
552 2166 693 2210 reciae
712 2165 907 2210 rationis.
940 2165 1047 2210 illud
1073 2165 1189 2227 quasi
1216 2166 1410 2222 constet,
1431 2167 1595 2231 aliquid

318 2240 431 2285 inter
462 2237 787 2300 philosophiam
820 2252 863 2283 et
900 2238 1147 2298 sapientiam
1181 2239 1393 2286 interesse.
1439 2242 1596 2303 Neque

318 2309 435 2356 enim
474 2307 568 2354 fieri
601 2307 774 2370 potest,
810 2322 856 2354 ut
890 2310 1005 2355 idem
1040 2309 1089 2355 sit
1122 2312 1243 2373 quod
1273 2310 1522 2369 affectatur,
1552 2323 1597 2358 et

319 2384 441 2446 quod
470 2382 655 2429 affeffiiar.
685 2382 935 2442 Quomodo
961 2384 1143 2429 multum
1174 2385 1284 2430 inter
1309 2385 1531 2430 avaritiam
1552 2398 1596 2430 et

318 2456 547 2520 pecuniam
574 2456 775 2516 interest,
805 2473 905 2504 cum
936 2455 1007 2503 illa
1037 2458 1205 2523 cupiat,
1233 2457 1340 2507 haec
1366 2456 1596 2519 concupis-
