1797 2956
325 150 421 199 1321.
561 138 613 183 L.
670 136 961 182 ANNAEI
1010 137 1366 184 SENECAE

325 243 430 290 inde
462 243 766 307 gubernatoris
798 260 865 289 ars
894 243 1085 288 alienum
1120 243 1285 290 bonum
1319 243 1408 299 est;
1444 244 1498 291 ad
1529 260 1606 292 eos

328 333 440 379 quos
462 316 611 370 vehit,
643 316 829 377 pertinet
858 333 869 361 :
905 316 1138 378 quomodo
1165 314 1324 362 medici
1350 333 1418 363 ars
1447 318 1501 363 ad
1528 334 1606 364 eos

327 405 442 450 quos
472 403 591 435 curat
617 405 627 433 2
662 385 867 448 sapientia
892 402 1129 435 commune
1157 389 1324 434 bonum
1356 389 1443 447 est,
1473 401 1515 435 et
1533 405 1607 436 eo·

326 477 426 507 rum
451 478 550 507 cum
582 459 743 523 quibus
779 459 926 514 vivit,
953 473 996 505 et
1027 458 1257 521 proprium
1283 459 1424 522 ipsius.
1457 466 1607 524 ltaque

326 532 611 596 gubernatori
636 531 810 578 fortasse
834 545 1040 586 nocetur,
1072 531 1192 578 cuius
1210 531 1496 580 ministerium
1514 533 1606 581 aliis

324 606 586 669 promissum
612 606 866 667 tempestate
895 606 1135 669 impeditur
1158 624 1169 653 :
1198 606 1378 669 sapienti
1400 625 1491 654 non
1524 625 1606 655 no-

328 696 452 730 cetur
474 700 501 728 a
524 694 776 746 paupertate
790 718 802 738 ,
823 697 914 727 non
932 698 957 727 a
981 681 1164 737 dolore,
1195 698 1287 728 non
1307 682 1360 728 ab
1387 682 1480 729 aliis
1497 695 1607 729 tem-

329 755 561 818 pestatibus
585 755 713 801 vitae.
754 755 861 800 Non
886 753 1005 800 eni-m
1035 752 1325 817 prohibentur
1350 770 1490 816 ope-ra
1516 756 1608 803 eius

328 828 507 886 omnia,
533 827 606 874 sed
639 840 804 873 tantum
832 825 889 871 ad
914 825 1023 872 alios
1052 825 1312 887 pertinentia
1335 844 1346 872 ε
1377 826 1466 889 ipse
1498 828 1608 874 sem-

323 917 411 963 per
437 899 480 945 in
509 900 602 946 aElu
625 897 687 945 est
705 934 719 955 ,
739 913 831 943 non
852 896 897 942 in
915 895 1089 943 effeau.
1110 909 1216 943 tunc
1234 897 1450 944 maximus
1467 933 1481 956 ‚
1506 915 1608 945 cum

326 970 395 1018 illi
409 970 586 1017 fortuna
608 969 649 1016 se
678 967 918 1031 opposuit:
941 981 1044 1016 tunc
1064 967 1195 1032 ipfius
1222 969 1451 1032 sapientiae
1469 986 1608 1034 nego-

329 1044 439 1090 tium
469 1043 581 1107 agit,
610 1059 743 1105 quam
779 1041 971 1088 diximus
1005 1055 1047 1088 et
1075 1041 1261 1088 alienum
1298 1042 1466 1090 bonum
1492 1043 1608 1102 effe,

327 1133 375 1165 et
401 1117 538 1164 suum.
576 1119 829 1172 Praeterea,
853 1133 908 1161 ne
939 1115 1032 1162 aliis
1062 1114 1239 1179 quidem
1274 1127 1380 1163 tunc
1409 1116 1611 1180 prodesse

325 1190 617 1254 prohibetur,
637 1205 736 1236 cum
766 1188 888 1234 illum
911 1188 1080 1251 aliquae
1102 1188 1373 1236 necessitates
1395 1202 1611 1253 premunt,

330 1263 519 1325 Propter
549 1274 854 1324 paupertatem
894 1259 1150 1322 prohibetur
1177 1261 1365 1317 docere,
1394 1264 1608 1326 quemad-

331 1336 521 1383 modum
538 1334 755 1381 tra&anda
772 1334 1011 1398 respublica
1028 1334 1103 1381 fit:
1125 1347 1167 1381 at
1181 1334 1285 1382 illud
1303 1336 1452 1395 docet,
1467 1354 1611 1400 quem-

333 1410 577 1457 admodum
597 1410 818 1456 traCtanda
840 1410 891 1456 fit
920 1421 1171 1472 paupertas;
1201 1427 1280 1472 per
1307 1423 1443 1457 totam
1471 1411 1611 1459 vitam

333 1497 448 1544 opus
475 1482 571 1528 eius
606 1481 864 1528 extenditun
900 1481 947 1526 Id
979 1480 1094 1527 nulla
1122 1479 1303 1527 fortuna
1321 1516 1334 1539 ‚
1364 1481 1480 1528 nulla
1511 1500 1610 1539 res,

333 1555 452 1600 aetus
472 1552 671 1616 sapientis
690 1552 903 1600 excludit.
932 1554 980 1600 Id
999 1553 1115 1600 enim
1137 1552 1276 1616 ipsum
1294 1553 1402 1617 agit,
1421 1571 1514 1618 quo
1532 1556 1614 1602 alia

335 1644 463 1691 agere
489 1626 761 1690 prohibetur.
796 1628 864 1673 Ad
890 1639 1099 1691 utrosque
1125 1627 1245 1674 casus
1265 1640 1397 1689 aptus
1421 1627 1510 1674 est:
1533 1628 1614 1674 bo-

336 1718 498 1748 norum
523 1701 692 1758 rector,
719 1711 761 1746 et
782 1700 997 1746 malorum
1026 1701 1184 1748 vietor.
1218 1699 1289 1747 Sic
1305 1736 1319 1758 ,
1338 1699 1519 1764 inquam
1538 1737 1552 1759 ,
1570 1700 1614 1748 se

335 1774 555 1833 exercuit,
581 1786 629 1821 ut
653 1774 864 1822 virtutem
891 1787 980 1820 tam
1002 1773 1049 1820 in
1073 1771 1273 1820 secundis'
1301 1789 1432 1836 quam
1460 1772 1505 1818 in
1540 1774 1613 1820 ad-

335 1849 470 1899 versis
500 1847 734 1895 exhibeat:
767 1863 847 1895 nec
873 1846 1101 1894 materiam
1132 1846 1251 1903 eiust,
1280 1846 1354 1893 sed
1382 1845 1515 1910 ipsam
1542 1846 1613 1892 in-

336 1934 521 1968 tueatur.
548 1922 698 1983 Itaque
725 1935 804 1967 nec
825 1932 1052 1982 pauper-tas
1079 1918 1224 1976 illum,
1249 1936 1331 1966 nec
1353 1918 1512 1977 dolor,
1532 1936 1613 1966 nec

338 1995 583 2059 quidquam
610 1993 725 2040 aliud
750 1994 873 2057 quod
897 1992 1127 2056 imperitos
1155 1992 1315 2039 avertit
1336 2004 1380 2039 et
1407 1992 1615 2054 praecipi·

338 2078 403 2113 tes
424 2065 531 2129 agit,
547 2064 771 2129 prohibet.
798 2065 870 2111 Tu
895 2064 1015 2110 illum
1039 2064 1179 2126 ,premi
1201 2076 1325 2127 putas
1349 2063 1503 2110 malis?
1530 2063 1615 2111 uti-

340 2150 425 2186 tur.
456 2139 562 2185 Non
587 2155 640 2185 ex
661 2138 796 2185 ebore
826 2150 994 2185 tantum
1023 2137 1194 2184 Phidias
1219 2137 1382 2184 sciebat
1405 2137 1547 2184 facere
1566 2137 1617 2183 fi-

343 2212 532 2259 mulacra
549 2247 562 2269 ,
586 2211 772 2258 faciebat
802 2226 857 2257 ex
881 2227 977 2256 aere
1001 2227 1011 2255 ε
1032 2211 1063 2256 fi
1090 2226 1284 2256 marmor
1308 2209 1368 2255 illi
1388 2246 1400 2265 ,
1426 2209 1456 2254 fi
1476 2210 1617 2256 adhuc

343 2285 548 2333 viliorem
579 2283 803 2331 materiam
839 2283 1067 2330 obtulisses
1085 2320 1098 2342 ‚
1136 2283 1299 2330 feciffet
1317 2283 1443 2346 quale
1468 2300 1521 2329 ex
1549 2283 1618 2329 illa

341 2356 438 2404 fieri
467 2358 687 2420 optimum
716 2356 871 2420 poffet.
898 2357 967 2405 Sic
997 2358 1162 2421 sapiens
1188 2356 1425 2412 virtutem,
1457 2356 1488 2402 fi
1511 2356 1616 2402 lice-

338 2432 432 2491 bit,
457 2433 500 2480 in
528 2433 690 2483 divitiis
718 2432 979 2497 explicabit;
1010 2433 1040 2479 si
1066 2433 1231 2489 minus,
1257 2431 1302 2477 in
1331 2442 1579 2495 paupertate
1601 2446 1614 2476 ε
