1797 2956
1298 31 1315 51 l

315 171 406 219 234
538 159 586 204 1„
628 158 931 205 ANNAEI
969 160 1321 209 SENECAE

312 262 490 326 Sapiens
512 264 702 327 'quidem
734 265 872 313 vincit
901 266 1065 315 virtute
1096 267 1330 317 fortuna-m.
1367 270 1428 318 At
1457 271 1593 320 multi

310 336 488 400 profeffi
521 339 775 401 sapientiam
796 374 811 398 ,
845 339 1064 390 leviffimis
1098 360 1414 407 nonnunquam
1455 345 1586 393 minis

311 411 505 456 exterriti
532 412 637 457 sunt.
687 412 789 459 Hoc
819 412 925 459 loco
953 413 1150 462 nostrum
1188 416 1349 465 vitium
1376 416 1435 463 est
1455 449 1470 473 ‚
1502 418 1590 481 qui

310 485 434 546 quod
459 483 616 530 dicitur
649 485 703 532 de
731 485 945 548 sapiente,
975 487 1190 551 exigimus
1214 502 1258 535 et
1285 507 1309 534 a
1340 489 1591 551 proficient--

307 569 368 604 te.
418 558 590 603 Suadeo
623 559 766 611 adhuc
801 559 907 606 mihi
936 559 1011 606 ista
1039 577 1153 624 *quae
1187 561 1320 608 laudo
1340 597 1353 619 ,
1386 563 1588 609 nondum-

307 631 547 693 persuadeo
575 648 585 678 :
613 632 777 679 etiamfi
805 632 1126 695 persuafiffem,
1162 636 1360 681 nondum
1390 649 1477 682 tam
1506 652 1586 697 pa·-

307 713 397 748 rata
424 701 656 761 haberem,
686 706 759 753 aut
788 718 876 752 tam
903 705 1159 763 exercitata,
1179 718 1227 753 ut
1250 707 1305 754 ad
1333 718 1487 755 omnes
1516 724 1584 754 ca-

306 775 374 821 sus
395 790 719 838 procurrerent.
747 781 1139 840 Quemadmodum
1158 782 1261 830 lana
1273 782 1486 845 quosdam
1506 798 1586 833 c0-,

305 847 421 894 lores
444 847 576 896 semel
600 851 748 909 ducit,
771 853 989 916 quosdam
1011 853 1090 899 nisi
1116 853 1280 915 saepius
1303 866 1588 922 macerata-eq

305 922 476 969 recocta
491 939 582 971 non
600 925 811 987 perbibit:
836 925 891 972 fic
912 926 1014 973 alias
1031 925 1273 989 disciplinas
1291 926 1463 988 ingenia
1483 942 1587 982 cum

305 1010 538 1058 accepere,
565 990 768 1058 protinus
795 997 1035 1061 praestant:
1065 999 1171 1046 haec
1200 997 1277 1045 nisi
1303 999 1386 1046 alte
1404 997 1584 1045 descen·-

305 1068 458 1127 dit,.et
484 1071 558 1117 diu
583 1070 715 1131 sedit,
749 1073 942 1120 animum
967 1088 1056 1118 non
1079 1072 1309 1119 'coloravit
1329 1107 1343 1130 ,
1373 1070 1445 1118 sed
1467 1070 1585 1125 inferi
1646 1122 1653 1125 Α

303 1144 391 1199 cit,
412 1144 520 1190 nihil
538 1162 591 1192 ex
614 1145 681 1193 his
697 1163 808 1210 quae
832 1145 1122 1210 promiserat,
1146 1144 1343 1207 praestat.
1369 1143 1478 1192 Cito
1488 1144 1584 1201 ahoq

303 1217 447 1280 potest
481 1218 621 1275 tradi,
655 1232 698 1268 et
726 1219 994 1283 -pauciffimis
1027 1219 1208 1274 verbis,
1244 1234 1380 1269 unum
1409 1217 1581 1264 bonum

303 1291 390 1338 effe
418 1291 624 1340 virtutem
654 1311 664 1340 :
697 1294 865 1340 nullum
895 1307 1015 1343 certe
1043 1292 1130 1340 fine
1155 1293 1347 1341 virtute:
1371 1303 1414 1339 et
1446 1292 1582 1353 ipsam

303 1364 509 1412 virtutem
533 1365 578 1411 in
597 1379 717 1429 parte
736 1366 870 1414 nostri
889 1366 1099 1420 meliore,
1119 1365 1164 1412 id
1182 1365 1271 1424 est,'
1287 1365 1488 1412 rationali
1505 1382 1584 1429 po-.

301 1435 438 1484 fitam.
466 1436 588 1496 Quid
609 1438 690 1484 erit
713 1439 997 1486 haecvirtus?
1018 1438 1229 1487 iudicium
1251 1457 1429 1498 verum,
1445 1454 1488 1487 et
1507 1439 1585 1486 im-

302 1523 508 1556 motum:
543 1510 602 1555 ab
643 1512 731 1561 hoc
759 1512 877 1558 enim
917 1512 1108 1576 impetus
1135 1513 1285 1561 veniet
1308 1512 1507 1568 mentis‚'
1527 1515 1585 1560 ab

299 1579 389 1627 hoc
417 1581 562 1629 omnis
590 1583 780 1645 species,
808 1603 920 1648 quae
949 1586 1166 1650 impetum
1194 1598 1376 1642 movet,
1408 1586 1582 1651 redige}-

300 1665 370 1700 tur
399 1655 453 1701 ad
493 1655 727 1718 liquidum.
774 1659 892 1706 Huic
929 1659 1097 1707 iudicio
1118 1659 1462 1707 consentaneum
1481 1661 1582 1717 erit,

301 1727 451 1772 omnia
475 1744 587 1790 quae
604 1730 774 1777 xvirtute
798 1733 997 1778 contacta
1017 1731 1142 1788 sunt,
1166 1745 1209 1779 et
1234 1732 1352 1778 bona
1370 1732 1582 1788 iudicare5

300 1813 344 1846 et
369 1800 485 1846 inter
517 1802 558 1847 se
586 1804 717 1864 paria.
764 1806 1022 1866 Corporum
1051 1818 1197 1852 autem
1227 1805 1346 1854 bona
1371 1803 1580 1865 corpori-

300 1872 380 1919 bus
400 1873 578 1936 quidem
608 1874 726 1921 bona
743 1876 862 1933 sunt,
895 1878 967 1924 sed
995 1878 1041 1924 in
1059 1890 1203 1927 totum
1215 1895 1314 1925 non
1333 1877 1428 1924 sunt
1448 1878 1583 1925 bona.-

299 1945 380 1992 His
407 1946 595 2008 pretium
628 1948 808 2010 quidem
831 1949 912 1996 erit
943 1950 1366 2015 aliquod‚<ceterum
1396 1951 1582 2015 dignitas

299 2035 392 2065 non
414 2019 496 2065 erit
525 2037 535 2066 :
563 2021 729 2083 magnis
755 2022 868 2070 inter
894 2023 935 2070 se
957 2024 1196 2074 intervallis
1225 2025 1468 2079 distabunt,
1499 2025 1578 2073 alia

297 2092 497 2149 maiora,
534 2092 614 2138 alia
650 2094 824 2141 minora
856 2108 995 2160 erunt.
1028 2098 1083 2143 Et
1121 2097 1167 2143 in
1198 2097 1296 2159 ipfis
1326 2097 1582 2160 sapientiam·

297 2164 556 2212 sectantibus
585 2183 737 2230 magna
766 2167 1012 2215 discrimina
1037 2168 1152 2228 esse,
1177 2169 1392 2218 fateamur
1412 2170 1582 2219 necesse

299 2238 374 2284 est.
409 2238 517 2286 alius
549 2239 636 2286 iam
665 2241 711 2286 in
739 2251 908 2287 tantum
942 2241 1167 2303 profecit,
1186 2257 1234 2290 ut
1263 2256 1413 2290 contra
1433 2244 1578 2291 fortu-

300 2327 399 2356 nam
426 2313 582 2359 audeat
609 2314 808 2360 attollere
835 2313 1013 2371 oculos‚
1048 2314 1120 2361 sed
1156 2332 1246 2362 non
1270 2317 1576 2378 pertinaciter:

301 2387 461 2432 cedunt
483 2388 599 2435 enim
620 2389 760 2436 nimio
780 2389 1010 2452 splendore
1030 2389 1275 2453 praestriffi.
1297 2391 1403 2438 alius
1421 2392 1465 2437 in
1483 2403 1577 2437 tan-

299 2470 414 2518 tum,
438 2475 484 2506 ut
511 2462 641 2524 poffit
668 2479 768 2511 cum
791 2454 1084 2513 illa'conferre
1108 2464 1306 2513 vultum:
1323 2463 1353 2511 fi
1372 2464 1459 2511 iam
1474 2481 1573 2527 per-
