1807 3004
557 228 1130 276 EPISTOLAE.
1417 245 1472 290 43

210 335 307 383 sunt
325 351 335 382 :
356 333 558 381 dominus
589 334 770 397 eligitur.
799 333 921 393 Quid
943 346 1035 390 tua,
1064 347 1160 378 uter
1186 329 1358 379 vincat?
1392 349 1486 379 me-

213 407 301 455 lior
331 408 507 455 vincere
537 422 627 452 non
648 405 788 468 potest
808 423 818 451 :
846 405 988 467 potest
1008 405 1092 452 effe
1111 404 1264 467 peior,
1291 404 1367 466 qui
1388 404 1488 451 vic-

213 495 284 529 tus
313 480 446 526 fuerit
472 498 482 525 ε
515 496 605 525 non
639 479 778 541 potest
798 479 957 524 melior
974 514 987 535 ‚
1021 479 1096 540 qui
1118 477 1287 524 vicerit.
1306 477 1490 523 Ultimas

211 567 355 615 partes
388 551 508 614 attigi
545 552 726 597 Catonis
756 568 765 595 :
790 551 862 596 sed
888 567 940 595 ne
971 552 1139 612 priores
1174 548 1349 611 quidem
1387 549 1488 594 anni

215 625 415 682 fuerunt,
443 625 518 687 qui
544 625 776 685 sapientem
805 625 849 669 in
874 623 986 669 illam
1006 623 1198 684 rapinam
1220 622 1492 685 reipublicae

215 698 504 744 admitterent.
545 698 666 757 Quid
696 697 811 742 aliud
844 713 974 759 quam
1010 695 1276 743 vociferatus
1311 695 1371 741 est
1405 696 1494 741 Ca-

215 784 292 827 to,
327 782 369 816 et
399 771 511 816 misit
538 770 678 816 irritas
717 786 852 816 voces
874 805 886 824 ‚
924 786 1023 815 cum
1057 769 1197 815 modo
1226 786 1303 831 per
1339 767 1493 830 populi

216 843 386 891 levatus
414 861 563 891 manus
579 880 592 901 ‚
627 856 669 890 et
691 845 877 890 obrutus
905 843 1038 906 sputis
1054 879 1067 898 ‚
1096 854 1138 890 et
1158 842 1398 904 portandus
1419 858 1495 886 ex-

217 927 281 962 tra
319 916 465 964 forum
502 917 768 970 traheretur,
802 916 940 961 modo
975 932 998 960 e
1029 915 1175 961 senatu
1204 914 1249 958 in
1279 929 1497 959 carcerem

218 989 482 1036 duceretur?
513 990 596 1034 Sed
623 988 771 1050 postea
790 987 1038 1034 videbimus
1052 1023 1064 1037 ,
1091 1002 1144 1031 an
1163 984 1341 1045 sapienti
1362 1001 1498 1045 opera

218 1064 438 1125 perdenda
453 1064 526 1108 fit:
549 1063 721 1108 interim
743 1062 796 1106 ad
817 1061 895 1106 hos
915 1074 957 1106 te
977 1075 1119 1114 voc0‚
1139 1057 1215 1121 qui
1237 1074 1259 1101 a
1279 1056 1499 1117 republica

219 1136 374 1180 exclusi
390 1171 402 1188 ‚
427 1135 688 1182 secefferunt
717 1134 769 1180 ad
801 1133 1032 1179 colendam
1052 1130 1186 1178 vitam
1203 1165 1216 1187 ‚
1244 1142 1286 1175 et
1307 1128 1499 1174 humano

219 1207 365 1271 generi
387 1208 481 1253 iura
512 1207 766 1263 condenda,
801 1204 887 1252 fine
916 1204 1002 1250 ulla
1031 1200 1291 1266 potentioris
1324 1197 1502 1246 offensa.

221 1281 329 1325 Non
345 1281 628 1327 conturbabit
649 1279 813 1341 sapiens
832 1277 1030 1340 publicos
1049 1290 1194 1321 mores
1211 1309 1224 1331 ‚
1253 1290 1333 1320 nec
1356 1289 1503 1333 popu-

222 1350 314 1398 lum
339 1352 382 1398 in
415 1352 456 1398 se
475 1356 591 1400 vitae
619 1350 816 1396 novitate
843 1360 1090 1395 convertet.
1109 1346 1229 1406 Quid
1251 1349 1388 1408 ergo?
1415 1343 1503 1389 uti-

224 1441 311 1488 que
330 1425 412 1472 erit
441 1439 587 1481 tutus,
609 1422 688 1486 qui
716 1423 801 1469 hoc
831 1421 1102 1485 propositum
1132 1417 1366 1482 sequetur?
1395 1418 1506 1462 Pro-

227 1498 400 1545 mittere
422 1498 501 1545 tibi
523 1499 609 1544 hoc
630 1513 721 1542 non
737 1495 871 1557 magis
891 1495 1062 1557 poffum
1076 1528 1089 1549 ,
1112 1508 1240 1556 quam
1262 1492 1307 1536 in
1327 1489 1507 1536 homine

226 1582 496 1634 temperante
513 1570 676 1616 bonam
699 1568 996 1616 valetudinem
1019 1583 1030 1611 :
1051 1578 1093 1612 et
1112 1574 1255 1611 tamen
1273 1562 1376 1609 facit
1392 1576 1509 1608 tem-

227 1644 419 1705 perantia
454 1643 617 1688 bonam
645 1641 955 1687 valetudinem.
988 1638 1101 1685 Perit
1139 1637 1282 1700 aliqua
1314 1635 1434 1681 navis
1463 1634 1510 1680 in

229 1727 364 1778 portu
386 1732 396 1760 τ
417 1715 487 1761 sed
512 1727 561 1760 tu
586 1713 691 1776 quid
711 1713 910 1761 accidere
933 1712 978 1756 in
1005 1710 1156 1756 medio
1175 1708 1306 1753 maris
1329 1707 1469 1753 credis
1490 1706 1509 1752 ἓ

230 1789 414 1847 Quanto
433 1787 534 1832 huic
553 1785 794 1848 periculum
813 1783 998 1846 paratius
1018 1782 1135 1829 foret
1150 1815 1162 1836 ‚
1184 1781 1317 1827 muita
1337 1778 1475 1841 agenti
1497 1814 1512 1834 ,

230 1859 543 1922 molientique,
571 1859 641 1903 cui
670 1875 723 1902 ne
753 1858 894 1903 orium
929 1856 1105 1917 quidem
1131 1867 1269 1900 tutum
1297 1852 1390 1898 est?
1434 1853 1549 1913 Per-

231 1947 357 1978 reunt
373 1932 604 1995 aliquando
626 1931 902 1978 innocentes:
926 1930 1024 1992 quis
1043 1928 1199 1992 negat?
1223 1938 1432 1973 nocentes
1450 1936 1515 1970 ta-

233 2024 334 2054 men
356 1997 533 2070 saepius}
564 2012 645 2054 Ars
664 2008 705 2053 ei
725 2006 893 2053 constat
908 2042 922 2064 ,
948 2005 1021 2068 qui
1042 2002 1119 2067 per
1144 2012 1400 2048 ornamema
1418 2015 1521 2061 per-

235 2082 378 2130 cussus
392 2082 466 2130 est.
485 2083 690 2145 Denique
711 2081 937 2129 consilium
958 2079 1154 2125 omnium
1173 2093 1318 2122 rerum
1337 2074 1519 2136 sapiens,

237 2172 331 2203 non
360 2156 524 2204 exitum
555 2157 729 2218 spectat.
759 2156 882 2201 Initia
908 2156 951 2200 in
981 2153 1190 2217 potestate
1220 2150 1363 2196 nostra
1390 2150 1519 2195 sunt:

240 2230 295 2276 de
310 2241 471 2276 eventu
491 2227 669 2274 fortuna
689 2228 852 2276 iudicat
867 2265 879 2285 ‚
900 2228 968 2274 cui
992 2228 1044 2272 de
1065 2243 1135 2272 me
1155 2224 1407 2272 sententiam
1428 2237 1520 2268 non

240 2303 315 2350 d0.
334 2304 390 2349 At
408 2301 571 2364 aliquid
593 2301 840 2348 vexationis
866 2301 989 2346 affert
1006 2336 1017 2355 ‚
1041 2298 1202 2362 aliquid
1222 2296 1403 2344 adverfi.
1427 2313 1518 2343 non

241 2377 470 2421 damnatur
489 2375 600 2420 latro
618 2407 631 2429 ,
659 2390 758 2419 cum
781 2372 958 2418 occidis.
988 2373 1118 2416 Nunc
1138 2371 1189 2415 ad
1218 2369 1519 2432 quotidianam

242 2447 395 2509 stipem
426 2464 603 2493 manum
633 2446 834 2507 porrigis.
867 2462 994 2490 :turea
1023 2458 1065 2490 te
1097 2443 1202 2505 stipe
1228 2442 1436 2504 impiebo.
1465 2444 1521 2487 Et

241 2522 342 2585 quia
355 2521 467 2568 facta
482 2520 542 2568 est
555 2519 646 2568 auri
660 2520 851 2577 mentio,
871 2518 1019 2581 accipe
1033 2517 1412 2581 quemadmodum
1429 2513 1525 2560 usus
