1797 2956
235 251 238 254 .
295 217 385 275 164
548 217 598 263 ι.
642 215 929 263 ΑΝΝΑΕῐ
976 215 1330 262 SENECAE

288 319 376 367 fide
407 318 584 378 sumus,
613 320 644 366 fi
671 318 866 380 receptui
891 318 1155 378 cecinimus,
1183 319 1212 365 fi
1241 319 1431 381 speciosa
1460 329 1573 367 con-n⁴

290 391 534 449 temfimus,
554 407 601 438 ut
621 392 753 454 paulo
773 404 870 437 ante
891 391 1086 437 dicebam
1101 427 1115 449 ‚
1140 393 1252 438 nulla
1274 409 1339 439 res
1360 409 1448 438 non
1464 410 1574 439 avo-

291 464 436 521 cabit„
463 465 605 510 nullus
636 465 869 510 hominum
900 464 1138 527 aviumque
1173 478 1414 511 concentus
1443 465 1577 511 inter-

291 551 465 599 rumpet
489 536 779 601 cogitationes
806 537 973 591 bonas,
1006 537 1246 600 solidasque
1264 538 1406 583 etiam
1427 550 1578 584 certas.

293 610 412 655 Leve
433 608 542 655 illud
563 607 819 670 ingenium,
842 625 922 654 nec
946 608 987 655 se
1006 608 1145 654 adhuc
1165 609 1335 655 reduxit
1354 609 1579 664 introrsus,

291 681 414 745 quod
440 684 494 727 ad
520 696 683 727 vocem
709 696 765 726 ex
796 680 1011 727 accidenti
1044 681 1238 743 erigitur.
1273 682 1417 728 Habet
1460 682 1578 727 intus

291 753 455 817 aliquid
475 753 783 807 solicitudinis,
806 767 850 797 et
869 752 1072 813 concepti
1090 751 1268 815 pavoifis
1283 790 1295 811 ‚
1317 755 1441 817 quod
1456 755 1579 801 illum

293 827 517 876 curiosum
538 826 664 884 facit,
694 841 741 873 ut
767 825 826 872 ait
848 825 1060 889 Virgilius
1081 826 1224 872 noster
1242 846 1251 870 ε

359 938 421 982 Et
443 955 526 992 me,
547 953 661 997 quem
681 936 836 980 dudum
857 953 941 980 non
964 937 1051 979 ulla
1069 934 1215 980 inieila
1234 937 1452 980 movebant

361 1012 460 1056 Tela
478 1040 492 1064 ,
510 1027 580 1054 nec
602 1009 768 1068 advesfi)
783 1008 1001 1070 glomerati
1018 1026 1072 1051 ex
1090 1009 1254 1069 agmine
1272 1007 1418 1063 Graii,

360 1085 490 1130 Nunc
509 1099 650 1127 omnes
669 1096 813 1126 terrent
831 1099 978 1135 aurae,
986 1081 1123 1139 fimus
1143 1081 1298 1126 excitat
1314 1083 1452 1127 omnis

361 1155 612 1217 Suspensum
626 1186 640 1210 ‚
657 1151 700 1199 δ’
709 1155 869 1214 pariter
885 1154 1103 1214 comitique
1123 1156 1310 1214 onerique
1327 1156 1548 1200 timentem.

298 1263 425 1311 Prior
454 1260 525 1308 ille
550 1260 715 1323 sapiens
732 1259 793 1307 est
807 1295 821 1316 ‚
851 1276 986 1322 quem
1015 1276 1106 1306 non
1123 1261 1208 1306 tela
1226 1259 1468 1318 vibrantia,
1489 1278 1581 1308 non

297 1336 473 1385 arietata
505 1334 616 1381 inter
644 1333 684 1380 se
707 1349 825 1380 arma
851 1332 1035 1396 agminis
1064 1332 1181 1381 densi
1197 1369 1211 1391 ‚
1245 1350 1335 1380 non
1361 1334 1481 1382 urbis
1498 1336 1584 1381 im·

296 1408 441 1472 pulsae
459 1406 606 1470 fragor
625 1406 792 1453 territat
814 1424 825 1453 :
847 1404 919 1452 hic
951 1406 1060 1452 alter
1084 1405 1312 1468 imperitus
1339 1405 1427 1464 est,
1455 1407 1584 1454 rebus

299 1480 384 1528 suis
413 1480 558 1539 timet,
585 1480 639 1526 ad
657 1497 839 1526 omnem
860 1479 1073 1541 crepitum
1098 1480 1389 1541 expavescens
1405 1515 1420 1536 ‚
1448 1497 1584 1542 quem

299 1552 608 1617 unaquaelibet
627 1569 720 1599 vox
737 1569 821 1615 pro
842 1552 1023 1598 fremitu
1041 1565 1218 1613 accepta
1236 1551 1419 1609 deiecit,
1448 1568 1584 1614 quem

300 1640 451 1674 motus
470 1624 674 1673 leviflimi
700 1624 963 1670 exanimant.
984 1623 1214 1669 Timidum
1243 1622 1365 1668 illum
1393 1621 1584 1671 sarcinae

300 1698 480 1748 faciunt.
500 1699 827 1760 Quemcunque
845 1713 898 1743 ex
918 1696 1006 1742 istis
1029 1696 1226 1743 felicibus
1245 1696 1422 1757 elegeris
1437 1730 1451 1752 ‚
1470 1695 1587 1742 mul-

300 1783 342 1818 ta
363 1769 637 1816 trahentibus
650 1804 664 1827 ,
683 1768 818 1815 multa
837 1768 1135 1831 portantibus,
1156 1768 1325 1815 videbis
1356 1768 1478 1814 illum
1504 1785 1585 1815 co-

299 1843 484 1907 mitique
512 1842 725 1907 onerique
748 1843 987 1890 timentem.
1015 1842 1147 1888 Tunc
1174 1857 1278 1904 ergo
1300 1854 1341 1888 te
1360 1841 1469 1889 scito
1496 1842 1585 1890 effe

301 1915 631 1979 compositum,
664 1933 765 1962 cum
794 1915 848 1961 ad
879 1928 923 1962 te
951 1915 1095 1962 nullus
1121 1914 1287 1961 clamor
1318 1915 1585 1977 pertinebit:

301 1982 404 2038 cum*
431 2003 474 2037 te
504 1988 620 2035 nulla
649 2004 743 2035 vox
776 1988 854 2036 tibi
883 1989 1106 2037 excutiet:
1132 2006 1222 2034 non
1252 1988 1282 2034 fi
1311 1989 1585 2046 blandietur,

301 2080 394 2110 non
426 2063 458 2109 fi
485 2060 750 2119 minabitur,
779 2079 870 2109 non
892 2063 923 2109 fi
951 2062 1067 2109 inani
1099 2062 1209 2109 sono
1237 2063 1361 2110 varia
1391 2061 1587 2110 circum-

300 2137 478 2199 strepet.
509 2135 635 2196 Quid
661 2151 770 2199 ergo
788 2135 805 2182 ?
829 2152 920 2182 non
942 2135 1176 2199 aliquando
1195 2135 1476 2183 commodius
1494 2134 1556 2182 est
1570 2169 1588 2193 ,

301 2234 449 2266 carere
473 2216 684 2265 convicio
703 2219 719 2264 ?
739 2215 895 2264 fateor.
921 2218 1071 2279 Itaque
1093 2232 1178 2279 ego
1199 2232 1252 2261 ex
1274 2216 1480 2263 hocloco
1498 2215 1587 2262 mi-

300 2292 439 2355 grabo
460 2308 471 2336 ε
493 2292 683 2355 experiri
705 2305 748 2339 et
770 2306 977 2339 exercere
1006 2306 1077 2336 me
1106 2290 1244 2336 volui.
1270 2289 1391 2349 Quid
1420 2288 1586 2337 necess'e

299 2365 362 2411 est
382 2364 546 2411 diutius
563 2364 760 2428 torqueri
779 2364 791 2409 ἐ
811 2381 915 2411 cum
933 2378 1022 2410 tam
1045 2360 1170 2408 facile
1186 2361 1426 2410 remedium
1447 2360 1584 2425 Ulys-

297 2436 362 2485 ses
379 2436 504 2485 sociis
517 2437 646 2485 etiam
665 2437 872 2487 adversus
889 2436 1057 2484 Sirenas
1075 2435 1253 2494 dederit,
1274 2448 1315 2484 et
1334 2434 1582 2484 invenerit?
