1797 2956
371 183 461 246 398
602 152 672 232 L.
708 186 1004 234 ANNAEI
1053 190 1414 241 SENECAE

366 290 672 339 levamentum.
700 295 768 339 Ne
787 293 873 356 ipsa
893 294 1070 357 quidem
1091 297 1316 345 universae
1338 300 1638 366 philosophiae

365 367 430 417 vis
444 399 456 420 ‚
489 365 588 412 licet
610 377 699 413 tota
717 365 761 412 in
778 367 865 413 hoc
882 366 998 414 vires
1022 367 1112 414 suas
1131 370 1345 428 advocet,
1380 372 1535 421 duram
1551 375 1638 422 iam

361 454 405 487 et
445 452 638 486 veterem
673 439 830 487 animis
861 441 1051 487 extrahet
1086 441 1244 503 pestem
1275 462 1284 490 :
1319 445 1388 492 sed
1419 463 1510 493 non
1535 448 1639 496 ideo

360 513 466 558 nihil
495 511 635 566 sanat,
663 513 763 575 quia
783 529 873 559 non
896 514 1058 560 omnia.
1085 515 1205 574 Quid
1233 517 1432 580 prodest,
1465 520 1637 583 inquit,

358 597 506 646 aperta
535 584 810 632 monstrare?
862 587 1116 634 Plurimum.
1156 588 1372 638 interdum
1408 592 1523 639 enim
1557 594 1638 641 sci-

358 673 454 702 mus
474 691 486 713 ‚
518 673 597 703 nec
641 658 913 706 attendimus.
950 659 1057 704 Non
1089 659 1522 722 docet-admonitio,
1563 664 1634 713 sed

354 730 565 787 advertit,
596 730 671 777 sed
701 732 886 790 excitat,
922 731 992 779 sed
1022 735 1281 782 memoriam
1311 739 1526 797 continet,
1553 757 1635 787 nec

352 805 517 869 patitur
544 807 666 854 elabi.
699 808 906 872 Pleraque
926 822 1023 855 ante
1045 809 1198 856 oculos
1219 810 1356 872 posita
1381 811 1630 859 transimus:

351 879 594 926 admonere
619 915 632 936 ‚
680 896 814 944 genus
856 881 1115 927 adhortandi
1151 881 1255 928 est:
1298 885 1419 946 saepe
1464 885 1634 932 animus

348 953 480 1000 etlam
521 965 665 1016 aperta
711 952 975 1000 diffimulat:
1016 954 1251 1017 ingerenda
1287 955 1347 1003 est
1388 957 1533 1021 itaque
1570 957 1630 1004 illi

347 1026 504 1073 notitia
538 1044 683 1073 rerum
716 1025 1048 1074 notiffimarum.
1087 1027 1161 1074 Illa
1191 1029 1279 1076 hoc
1306 1029 1411 1077 loco
1438 1030 1484 1077 in
1504 1032 1629 1078 Vati-

345 1099 466 1145 nium
488 1099 618 1144 Calvi
636 1099 871 1162 repetenda
891 1098 1099 1146 sententia
1120 1100 1180 1147 est
1201 1119 1210 1146 :
1234 1102 1404 1148 Facium
1425 1102 1510 1159 effe
1531 1120 1628 1150 am-

344 1174 510 1230 bitum,
542 1172 653 1220 scitis
677 1187 750 1220 :et
781 1174 868 1220 hoc
896 1189 979 1220 vos
1007 1173 1113 1220 scire
1132 1209 1144 1232 ,
1183 1190 1337 1222 omnes
1364 1175 1514 1223 sciunt.
1536 1177 1625 1224 Scis

343 1245 555 1293 amicitias
591 1247 726 1292 sancle
757 1246 961 1293 colendas
989 1246 1072 1292 effe
1101 1264 1112 1292 ι
1152 1246 1221 1293 sed
1248 1263 1339 1293 non
1366 1247 1485 1296 facis.
1533 1250 1626 1297 Scis

343 1320 595 1383 improbum
622 1319 734 1376 effe,
755 1320 832 1382 qui
859 1320 912 1366 ab
939 1336 1079 1366 uxore
1099 1320 1354 1382 pudicitiam
1377 1321 1532 1386 exigit,
1557 1323 1625 1386 ip<-

342 1393 386 1440 se
412 1393 647 1441 alienarum
672 1405 911 1456 corruptor
934 1409 1140 1440 uxorum.
1169 1394 1258 1441 Scis
1279 1406 1325 1440 ut
1351 1394 1412 1441 illi
1436 1396 1495 1442 nil
1519 1413 1622 1443 cum

341 1468 569 1525 aiuloero,
602 1467 657 1513 fic
687 1468 796 1514 nihil
821 1466 900 1513 tibi
925 1466 1010 1513 effe
1036 1467 1195 1512 debere
1226 1483 1327 1512 cum
1355 1468 1509 1530 pellice
1537 1486 1548 1515 z
1577 1480 1622 1517 et

342 1557 435 1586 non
466 1540 584 1586 facis.
616 1543 767 1604 Itaque
794 1540 971 1587 subinde
1002 1540 1274 1586 reducendus
1299 1556 1344 1586 es
1371 1541 1423 1586 ad
1452 1556 1621 1586 memo-

339 1614 462 1661 riam.
481 1631 568 1660 non
587 1616 703 1660 enim
720 1615 904 1677 repofita
924 1615 994 1660 illa
1009 1614 1092 1661 effe
1107 1626 1301 1676 oportet,
1321 1613 1390 1660 sed
1411 1615 1456 1660 in
1477 1631 1620 1676 prom·

338 1701 399 1734 ru.
424 1688 731 1750 Quaecunque
750 1686 946 1733 salutaria
968 1685 1084 1740 sunt,
1114 1685 1237 1748 saepe
1260 1686 1410 1748 agitari
1429 1687 1616 1746 debent,

336 1762 463 1824 saepe
495 1761 655 1808 versari
678 1778 688 1806 τ
710 1777 757 1808 ut
790 1777 879 1807 non
911 1772 1078 1806 tantum
1111 1773 1216 1806 nota
1247 1759 1327 1806 sint
1356 1760 1508 1818 nobis,
1545 1761 1616 1807 sed

338 1835 470 1882 etiam
508 1850 667 1898 parata.
714 1835 865 1882 Adiice
892 1852 1036 1888 nunc,
1069 1833 1190 1895 quod
1222 1846 1370 1896 aperta
1401 1850 1615 1897 quoque,

337 1909 556 1970 ape-‘tima
595 1908 689 1955 fieri
721 1908 872 1954 solent.
911 1908 955 1953 Si
997 1905 1126 1953 dubia
1154 1905 1275 1962 sunt,
1310 1905 1474 1968 inquit,
1505 1923 1615 1970 quae

335 1982 573 2045 praecipis,
616 1981 902 2044 probationes
942 1979 1128 2025 adiicere
1169 1978 1367 2025 debebis:
1411 1994 1518 2042 ergo
1556 1979 1612 2026 il-

335 2054 427 2109 lae,
457 2071 546 2100 non
581 2068 841 2117 praecepta,
872 2051 1120 2114 proficient.
1168 2049 1290 2110 Quid
1326 2050 1451 2113 quod
1480 2049 1611 2097 etiam

334 2130 422 2176 {ine
454 2127 816 2189 probationibus,
849 2126 936 2188 ipsa
966 2122 1186 2170 monentis
1219 2121 1450 2168 auctoritas
1470 2118 1608 2183 prod-

335 2202 426 2249 est?
462 2201 520 2246 sic
549 2200 784 2263 quomodo
819 2197 1221 2244 iurisconsultorum
1253 2196 1398 2241 valent
1426 2195 1609 2257 respon-

333 2274 375 2320 {a
399 2310 413 2330 ,
462 2272 624 2320 etiamfi
673 2270 786 2317 ratio
825 2287 916 2317 non
966 2269 1177 2316 redditur.
1226 2269 1448 2314 Praeterea
1472 2302 1485 2321 ,
1520 2266 1608 2329 ipsa

331 2364 442 2411 quae
463 2345 788 2410 praecipiuntur
801 2381 814 2401 ‚
835 2360 912 2407 per
932 2343 973 2389 se
991 2341 1178 2388 multum
1198 2340 1357 2385 habent
1375 2337 1606 2400 ponderis:

332 2421 484 2482 utique
510 2420 538 2465 fi
557 2431 629 2466 aut
650 2417 831 2465 carmini
859 2417 1023 2463 intexta
1048 2414 1167 2467 sunt,
1196 2425 1267 2459 aut
1292 2412 1417 2474 prosa
1437 2410 1606 2457 oratio·

330 2510 385 2539 ue
405 2492 449 2539 in
463 2491 716 2541 sententiam
734 2501 939 2540 coartata.
955 2488 1071 2536 Sicut
1091 2487 1162 2534 illa
1177 2486 1440 2534 Catoniana:
1454 2487 1604 2542 EmaS,
