1807 3004
554 176 1122 224 EpiSTOLAE.
1386 198 1473 245 129

202 275 477 349 captionibus
505 285 640 332 dico:
665 302 756 348 quo
780 286 897 332 enim
919 286 1100 332 nomine
1117 285 1275 348 ”potius
1303 287 1475 350 sophis*³

205 377 318 406 mata
340 358 585 421 appellem?
607 375 687 405 nec
715 360 929 421 ignoranti
954 371 1137 416 nocent,
1165 376 1247 406 nec
1270 359 1474 407 scientem

205 435 372 480 iuvant.
400 432 443 477 Si
470 432 538 478 vis
571 431 718 494 utique
750 433 990 489 verborum
1017 432 1317 495 ambiguitates
1347 435 1475 481 didit-2

203 521 329 559 cere;
364 506 451 549 hoc
476 519 558 550 nos
587 503 722 562 doce,
754 506 926 551 beatum
952 519 1045 549 non
1075 521 1175 550 eum
1201 505 1312 562 effe,
1339 523 1473 569 quem

205 576 361 637 vulgus
377 575 592 637 appellat,
610 575 664 620 ad
687 592 817 638 quem
846 575 1028 638 pecunia
1050 593 1203 639 magna
1226 578 1440 625 confluxit
1459 597 1471 625 ε

202 647 274 694 sed
292 648 413 692 illum
427 683 439 701 ,
472 647 543 694 cui
561 647 727 693 bonum
747 664 880 694 omne
900 648 945 693 in
970 648 1117 693 animo
1137 648 1222 704 est,
1251 651 1436 696 erectum
1456 682 1470 705 ‚

201 734 245 766 et
275 719 518 775 excelsum,
551 734 594 766 et
623 719 836 765 mirabilia
870 720 1120 766 calcantem.
1142 722 1220 782 qui
1250 723 1473 769 neminem

201 792 349 848 videt,
367 809 468 839 cum
490 808 582 856 quo
600 793 641 838 se
658 805 971 838 commutatum
991 792 1098 839 velit
1116 810 1127 837 ε
1150 794 1227 855 qui
1247 794 1473 841 hominem

203 881 253 911 ea
271 863 358 910 sola
375 876 496 926 parte
515 863 733 920 aestimat,
750 880 835 925 qua
853 864 991 910 homo
1009 863 1069 911 est
1088 881 1098 909 ε
1118 865 1194 926 qui
1213 878 1361 911 natura
1381 883 1473 913 ma-n

202 937 330 1000 gistra
350 937 512 994 utitur,
539 938 593 984 ad
624 939 734 999 illius,
762 938 877 1000 leges
905 937 1219 1000 componitur,
1243 937 1298 986 fic
1328 939 1440 987 vivit
1460 976 1475 999 „

204 1010 437 1073 quomodo
459 1009 530 1056 illa
550 1009 816 1071 praescripsit
833 1027 844 1055 :
865 1009 935 1055 cui
955 1010 1070 1055 bona
1087 1010 1158 1056 sua
1179 1010 1291 1056 nulla
1311 1012 1375 1058 vis
1393 1030 1472 1059 ex-

202 1082 338 1129 cutit:
365 1081 441 1144 qui
464 1083 577 1128 mala
600 1082 647 1127 in
666 1083 832 1128 bonum
859 1082 1021 1137 vertit,
1042 1095 1183 1129 certus
1205 1083 1378 1140 iudicii,
1406 1086 1470 1131 in«

202 1152 457 1209 concuffus,
473 1153 714 1214 intrepidus
730 1169 885 1215 :quem
906 1154 1053 1215 aliqua
1072 1154 1137 1200 vis
1159 1168 1336 1209 movet,
1358 1156 1473 1202 nulla

202 1226 424 1287 perturbat
444 1243 604 1289 :quem
630 1228 831 1284 fortuna,
863 1243 962 1273 cum
992 1227 1037 1272 in
1056 1243 1158 1271 eum
1183 1229 1305 1287 qnod
1326 1229 1473 1276 habuit

202 1298 336 1345 telum
367 1298 744 1355 nocentiffimum,
772 1299 819 1346 vi
845 1299 1034 1344 maxima
1065 1298 1259 1355 intorsit,
1296 1303 1474 1364 pungit,

204 1388 295 1418 non
315 1371 533 1428 vulnerat,
553 1385 596 1418 et
612 1371 699 1419 'noc
719 1388 830 1416 raro.
851 1371 964 1416 Nam
983 1386 1123 1417 cetera
1142 1372 1231 1419 eius
1248 1373 1326 1418 tela
1340 1409 1353 1429 ,
1373 1375 1475 1436 qui-

203 1444 290 1490 bus
305 1460 439 1506 genus
461 1444 699 1490 humanum
721 1444 980 1501 debellatur,
1007 1444 1220 1506 grandinis
1244 1463 1366 1491 more
1386 1447 1473 1493 dise

203 1517 356 1563 sultant
377 1534 387 1561 :
412 1533 523 1579 quae
551 1515 712 1563 incuss'a
733 1516 878 1573 tectis,
907 1515 993 1562 fine
1022 1516 1113 1562 ullo*
1129 1518 1381 1577 habitatoris
1404 1519 1475 1565 in-

202 1590 445 1636 commodo
461 1589 656 1651 crepitat,
673 1603 721 1635 ac
733 1587 931 1634 solvitur.
947 1589 1071 1648 Quid
1086 1605 1153 1634 me
1169 1586 1332 1637 detines
1347 1591 1391 1636 in
1403 1607 1477 1649 eo„

205 1678 337 1725 quem
361 1676 408 1710 tu
432 1664 521 1724 ipse
538 1662 872 1709 pseudomenon
891 1662 1099 1723 appellas,
1127 1662 1180 1708 de
1199 1679 1289 1726 quo
1308 1677 1475 1711 tantum

202 1735 415 1782 librorum
431 1735 723 1797 compositum
740 1733 830 1780 est?
850 1735 964 1780 Ecce
984 1747 1075 1780 tota
1095 1735 1200 1779 mihi
1215 1735 1304 1782 vita
1320 1736 1475 1783 mentia

205 1821 273 1852 tur
294 1807 430 1852 :hanc
447 1822 658 1869 comgue,
678 1806 790 1853 hanc
812 1805 868 1850 ad
893 1821 1047 1851 verum
1064 1838 1076 1861 ‚
1097 1805 1128 1850 fi
1152 1819 1299 1852 acutus
1316 1824 1359 1854 es
1374 1843 1388 1864 ,
1404 1825 1476 1854 re·

206 1879 317 1941 dige.
344 1878 589 1925 Necessaria
607 1877 795 1931 iudicat,
819 1890 1007 1940 quorum
1030 1893 1186 1940 magna
1208 1892 1305 1940 pars
1333 1880 1479 1943 supera

205 1944 342 1998 va‘cua
360 1951 421 1997 est
442 1952 598 1998 :etiam
621 1966 731 2014 quae
748 1966 840 1997 non
858 1948 918 1995 est
937 1950 1202 2012 supervacua
1214 1985 1227 2006 ‚
1250 1952 1357 1998 nihil
1372 1955 1417 2000 in
1434 1955 1478 2002 se

207 2025 418 2072 momenti
437 2025 566 2072 habet
583 2026 627 2070 in
650 2024 762 2079 hoc,
778 2036 824 2070 ut
843 2022 972 2085 poffit
992 2023 1260 2071 fortunatum
1280 2027 1480 2074 beatum·
1539 2031 1541 2033 ’

205 2116 293 2162 que
311 2099 535 2161 praestare.
559 2101 664 2146 Non
689 2099 806 2145 enim
833 2097 972 2144 statim
1000 2097 1170 2144 bonum
1193 2096 1280 2156 est,
1307 2099 1337 2145 fi
1366 2098 1478 2163 quid

205 2171 486 2219 necessarium
500 2172 574 2219 est.
594 2173 659 2219 Ac
676 2171 934 2234 proiicimus
949 2171 1115 2217 bonum
1130 2206 1145 2226 ,
1165 2169 1194 2217 fi
1209 2172 1296 2220 hoe
1314 2189 1479 2220 nomen

204 2244 306 2309 pani
332 2258 406 2293 aut
427 2244 629 2308 polentae
655 2246 831 2302 damus,
862 2256 906 2292 et
924 2245 1077 2291 ceteris
1096 2244 1184 2291 fine
1207 2246 1366 2309 quibus
1384 2248 1479 2294 vita

203 2333 294 2363 non
324 2317 506 2365 ducitur.
534 2319 674 2378 Quod
702 2318 872 2364 bonum
895 2317 955 2363 est
973 2354 986 2373 ,
1015 2318 1166 2380 utique
1194 2318 1480 2367 nec'ess‘ariunt

201 2388 262 2437 est
281 2407 290 2436 :
312 2391 433 2453 quod
461 2403 605 2437 autem
626 2388 909 2437 necefl‘arium
926 2389 1015 2446 est,
1038 2406 1128 2436 non
1151 2389 1289 2437 statim
1307 2390 1477 2437 bonum

201 2463 282 2511 est:
317 2463 526 2527 quoniam
561 2463 773 2525 quaedam
805 2462 1039 2510 necessaria
1071 2462 1196 2521 sunt,
1225 2463 1377 2512 eadem
1403 2464 1476 2511 vie

266 2537 312 2582 L
341 2540 463 2583 Arm,
496 2540 665 2579 Senem.
688 2537 784 2581 Vol,
804 2535 895 2578 III,
1203 2535 1219 2578 Ῐ

689 2618 702 2635 Ι
