1807 3004
558 178 1126 226 EPISTOLAE.
1383 195 1473 242 249

210 285 418 333 domitas:
449 283 653 331 iuvenilia
670 299 985 346 nonnunquam
1002 282 1175 346 ingenia
1188 282 1357 345 cupido
1376 285 1474 346 glo-

210 359 296 404 riae
325 359 368 403 in
402 370 673 404 contemtum
709 370 795 402 tam
827 355 960 410 ferri,
989 372 1119 418 quam
1153 355 1318 418 ignium
1339 390 1352 412 ‚
1390 356 1473 401 ini-4

207 429 283 476 fit:
305 429 464 490 species
485 428 694 488 quosdam
709 463 721 483 ‚
739 440 867 489 atque
887 427 1039 472 umbra
1064 426 1233 473 virtutis
1249 461 1262 483 ‚
1289 427 1333 472 in
1352 443 1474 473 mor-

206 513 292 546 tem
314 499 603 546 voluntariam
627 500 771 546 trudit.
793 509 956 561 quanto
980 497 1046 544 his
1077 498 1288 544 omnibus
1312 496 1472 544 fortior

204 571 318 617 ratio
348 571 434 627 est,
466 584 629 633 quanto
666 570 963 627 constantior,
998 583 1119 616 tanto
1152 570 1472 619 vehemention

203 661 281 706 per
305 659 444 690 metus
469 644 585 706 ipsos
605 658 649 689 et
681 643 870 704 pericula
898 642 1044 688 exibit.
1077 642 1196 687 Nihil
1223 641 1350 705 agitis
1369 678 1383 698 ‚
1403 643 1473 690 in.-

201 715 320 777 quit‚
351 717 474 777 quod
499 715 662 778 negatis
692 716 826 761 ullum
849 714 934 762 effe
963 715 1076 762 aliud
1103 714 1157 759 ab
1180 714 1364 760 honesto
1383 715 1471 761 bo-

201 804 320 834 num.
349 804 439 833 non
472 786 599 834 faciet
625 803 707 834 vos
727 787 833 833 haec
860 787 1048 834 munitio
1077 799 1196 834 tutos
1223 804 1245 832 a
1269 786 1471 845 fortuna,

199 872 242 908 et
266 861 493 908 immunes.
536 860 694 908 Dicitis
728 862 869 918 enim,
904 861 1015 908 inter
1048 861 1165 907 bona
1193 860 1278 907 effe
1308 861 1471 908 liberos

199 935 318 994 pios,
345 946 388 981 et
412 935 521 980 bene
539 947 753 980 moratam
782 933 962 995 patriam
980 967 993 990 ‚
1019 944 1061 979 et
1087 944 1283 994 parentes
1310 932 1469 983 bonos-

197 1007 356 1053 horum
378 1006 566 1070 pericula
587 1024 675 1052 non
698 1005 875 1068 potestis
898 1005 1085 1066 speftare
1116 1004 1281 1058 securi3
1301 1016 1469 1066 pertur-

196 1080 314 1127 babit
348 1097 432 1127 vos
461 1080 630 1137 obsidio
660 1080 848 1142 patriae,
871 1078 1109 1125 liberorum
1140 1094 1287 1136 mors,
1313 1095 1470 1141 parenv÷

194 1166 286 1204 tum
308 1146 500 1201 servitus.
531 1152 653 1213 Quid
678 1152 881 1200 adversus
906 1151 986 1202 hos
1021 1168 1103 1212 pro
1128 1151 1256 1197 nobis
1287 1151 1466 1214 respon-

193 1228 285 1274 deri
303 1228 449 1283 soleat,
471 1243 633 1288 ponam
653 1243 664 1272 :
685 1225 841 1271 deinde
858 1238 960 1271 tunc
979 1224 1195 1279 adiiciam,
1215 1225 1320 1287 quid
1338 1243 1466 1287 prae-

192 1313 309 1347 terea
327 1299 679 1361 respondendum
706 1310 868 1360 putem.
888 1298 983 1344 Alia
1008 1297 1206 1343 conditio
1226 1297 1286 1344 est
1309 1298 1353 1344 in
1374 1299 1464 1355 his,

192 1390 304 1435 quae
330 1373 466 1419 ablata
484 1372 527 1417 in
554 1371 703 1417 locum
722 1371 844 1416 suum
870 1370 1036 1433 aliquid
1064 1369 1341 1417 incommodi
1367 1371 1463 1417 sub-

190 1447 398 1493 stituunt:
428 1458 631 1508 tanquam
655 1445 771 1491 bona
795 1445 1000 1491 valetudo
1028 1444 1204 1502 vitiata,
1234 1445 1277 1490 in
1303 1446 1461 1493 malam

189 1514 441 1565 transfertur
462 1535 472 1563 ε
499 1517 615 1563 acies
634 1516 867 1563 oculorum
895 1516 1096 1562 exstincta
1112 1549 1126 1571 ‚
1155 1518 1358 1564 caecitate
1378 1535 1461 1565 nos

188 1589 352 1635 afficit:
381 1605 472 1633 non
501 1599 666 1635 tantum
703 1587 912 1635 velocitas
945 1587 1057 1649 perit
1085 1588 1322 1650 poplitibus
1347 1588 1460 1636 inci-

185 1660 262 1717 fis,
296 1661 367 1707 sed
391 1660 583 1706 debilitas
613 1675 695 1721 pro
718 1658 787 1704 illa
818 1659 940 1707 subit.
976 1660 1076 1706 Hoc
1099 1660 1339 1722 periculum
1367 1676 1459 1706 non

186 1732 248 1778 est
266 1732 310 1778 in
334 1732 398 1778 his
413 1769 427 1789 ‚
454 1750 563 1795 quae
585 1732 714 1794 paulo
738 1743 833 1778 ante
859 1733 1094 1779 retulimus.
1111 1750 1245 1795 quare
1265 1732 1282 1778 ?
1307 1733 1335 1777 fi
1353 1734 1458 1779 ami-

185 1821 285 1851 cum
315 1805 483 1851 bonum
517 1805 663 1862 amifi,
700 1821 790 1850 non
819 1804 878 1863 est
911 1805 1017 1850 mihi
1049 1821 1132 1868 pro
1165 1805 1241 1850 illo
1273 1804 1454 1868 perfidia

182 1877 383 1938 patienda
403 1895 413 1922 :
432 1895 511 1923 nec
535 1874 566 1922 fi
591 1878 733 1923 bonos
756 1878 917 1923 liberos
934 1877 1095 1930 extuli,
1120 1876 1165 1923 in
1188 1876 1365 1927 illorum
1383 1878 1452 1925 lo-

182 1964 280 1994 cum
308 1949 503 2009 impietas
533 1949 732 1996 succedit.
771 1949 946 1996 Deinde
972 1965 1062 1995 non
1083 1949 1326 1996 amicorum
1347 1950 1449 2008 ille,

181 2036 252 2068 aut
279 2020 516 2068 liberorum
547 2021 772 2079 interitus,
803 2021 877 2068 sed
907 2037 1145 2083 corporum
1171 2021 1246 2069 est.
1275 2023 1448 2070 Bonum

179 2106 322 2140 autem
353 2111 442 2141 uno
475 2095 612 2140 modo
647 2095 784 2157 perit,
815 2095 846 2141 fi
867 2095 912 2142 in
937 2096 1096 2142 malurn
1122 2095 1295 2154 transit,
1323 2097 1446 2160 quod

178 2180 327 2214 natura
350 2185 439 2214 non
462 2169 621 2231 patitur
648 2187 658 2214 z
685 2170 785 2232 quia
810 2171 957 2216 omnis
983 2171 1122 2220 virtus
1148 2182 1189 2218 et
1213 2186 1326 2233 opus
1345 2187 1447 2218 om-

176 2255 231 2284 ne
263 2239 436 2288 virtutis
469 2240 770 2303 incorruptum
806 2256 963 2287 maner.
1011 2241 1217 2297 Deinde,
1255 2242 1384 2289 etiam
1414 2242 1445 2290 fi

174 2312 302 2358 amici
333 2314 578 2374 perierunt,
619 2317 747 2361 etiam
778 2315 808 2359 fi
846 2314 1017 2376 probati
1048 2314 1444 2379 respondentesque

174 2400 287 2430 voto
309 2385 442 2445 patris
467 2385 618 2432 liberi:
644 2386 704 2432 est
733 2387 856 2449 quod
885 2387 1057 2432 illorum
1084 2388 1252 2449 expleat
1278 2388 1442 2442 locum.

173 2458 297 2519 Quid
324 2457 398 2520 fit,
427 2459 627 2522 quaeris?
651 2460 773 2523 quod
798 2460 896 2508 illos
920 2459 1064 2508 bonos
1080 2460 1241 2511 fecerat
1256 2496 1270 2522 ,
1290 2460 1441 2511 virtus.
