<?xml version="1.0" encoding="UTF-8"?>
<!DOCTYPE html PUBLIC "-//W3C//DTD XHTML 1.0 Transitional//EN"
    "http://www.w3.org/TR/xhtml1/DTD/xhtml1-transitional.dtd">
<html xmlns="http://www.w3.org/1999/xhtml" xml:lang="en" lang="en">
 <head>
  <title>
</title>
<meta http-equiv="Content-Type" content="text/html;charset=utf-8" />
  <meta name='ocr-system' content='tesseract 3.04.00' />
  <meta name='ocr-capabilities' content='ocr_page ocr_carea ocr_par ocr_line ocrx_word'/>
</head>
<body>
  <div class='ocr_page' id='page_1' title='image "./lannaeisenecaeph03seneuoft_0129.png"; bbox 0 0 1807 3004; ppageno 0'>
   <div class='ocr_carea' id='block_1_1' title="bbox 0 0 42 3004">
    <p class='ocr_par' dir='ltr' id='par_1_1' title="bbox 0 0 42 3004">
     <span class='ocr_line' id='line_1_1' title="bbox 0 0 42 3004; baseline 0 0"><span class='ocrx_word' id='word_1_1' title='bbox 0 0 42 3004; x_wconf 95' lang='lat' dir='ltr'> </span> 
     </span>
    </p>
   </div>
   <div class='ocr_carea' id='block_1_2' title="bbox 536 201 1460 252">
    <p class='ocr_par' dir='ltr' id='par_1_2' title="bbox 536 201 1460 252">
     <span class='ocr_line' id='line_1_2' title="bbox 536 201 1460 252; baseline -0.003 -1"><span class='ocrx_word' id='word_1_2' title='bbox 536 201 1132 252; x_wconf 44' lang='lat' dir='ltr'><strong>E‘PISTOLAEs</strong></span> <span class='ocrx_word' id='word_1_3' title='bbox 1378 219 1460 249; x_wconf 80' lang='lat'>121</span> 
     </span>
    </p>
   </div>
   <div class='ocr_carea' id='block_1_3' title="bbox 182 310 1504 1688">
    <p class='ocr_par' dir='ltr' id='par_1_3' title="bbox 182 310 1504 1688">
     <span class='ocr_line' id='line_1_3' title="bbox 188 310 1476 377; baseline -0.002 -17"><span class='ocrx_word' id='word_1_4' title='bbox 188 313 430 377; x_wconf 84' lang='lat' dir='ltr'>praefertur</span> <span class='ocrx_word' id='word_1_5' title='bbox 444 311 504 359; x_wconf 87' lang='lat' dir='ltr'>illi</span> <span class='ocrx_word' id='word_1_6' title='bbox 533 311 764 374; x_wconf 75' lang='lat' dir='ltr'>languido,</span> <span class='ocrx_word' id='word_1_7' title='bbox 788 325 833 358; x_wconf 85' lang='lat' dir='ltr'>et</span> <span class='ocrx_word' id='word_1_8' title='bbox 861 311 1093 357; x_wconf 59' lang='lat' dir='ltr'>brafileato.</span> <span class='ocrx_word' id='word_1_9' title='bbox 1120 310 1267 357; x_wconf 89' lang='lat' dir='ltr'>Nemo</span> <span class='ocrx_word' id='word_1_10' title='bbox 1288 310 1476 372; x_wconf 64' lang='lat' dir='ltr'>gloriari</span> 
     </span>
     <span class='ocr_line' id='line_1_4' title="bbox 189 382 1466 445; baseline -0.002 -12"><span class='ocrx_word' id='word_1_11' title='bbox 189 388 266 433; x_wconf 88' lang='lat' dir='ltr'>nifi</span> <span class='ocrx_word' id='word_1_12' title='bbox 297 387 375 433; x_wconf 69' lang='lat' dir='ltr'>suo‘</span> <span class='ocrx_word' id='word_1_13' title='bbox 401 386 542 432; x_wconf 88' lang='lat' dir='ltr'>debet.</span> <span class='ocrx_word' id='word_1_14' title='bbox 569 385 715 431; x_wconf 85' lang='lat' dir='ltr'>Vitem</span> <span class='ocrx_word' id='word_1_15' title='bbox 753 384 974 432; x_wconf 80' lang='lat' dir='ltr'>laudamus</span> <span class='ocrx_word' id='word_1_16' title='bbox 993 420 1006 441; x_wconf 90' lang='lat'>,</span> <span class='ocrx_word' id='word_1_17' title='bbox 1030 383 1062 429; x_wconf 90' lang='lat' dir='ltr'><strong>fi</strong></span> <span class='ocrx_word' id='word_1_18' title='bbox 1093 382 1239 430; x_wconf 64' lang='lat' dir='ltr'>fruElu</span> <span class='ocrx_word' id='word_1_19' title='bbox 1268 383 1466 445; x_wconf 72' lang='lat' dir='ltr'>palmites</span> 
     </span>
     <span class='ocr_line' id='line_1_5' title="bbox 189 454 1466 518; baseline -0.002 -15"><span class='ocrx_word' id='word_1_20' title='bbox 189 454 367 514; x_wconf 61' lang='lat' dir='ltr'>oneras,</span> <span class='ocrx_word' id='word_1_21' title='bbox 386 456 415 502; x_wconf 88' lang='lat' dir='ltr'>s1</span> <span class='ocrx_word' id='word_1_22' title='bbox 449 456 537 518; x_wconf 87' lang='lat' dir='ltr'>ipsa</span> <span class='ocrx_word' id='word_1_23' title='bbox 566 457 617 502; x_wconf 90' lang='lat' dir='ltr'>ad</span> <span class='ocrx_word' id='word_1_24' title='bbox 643 468 800 502; x_wconf 83' lang='lat' dir='ltr'>terram</span> <span class='ocrx_word' id='word_1_25' title='bbox 820 491 832 513; x_wconf 92' lang='lat'>‚</span> <span class='ocrx_word' id='word_1_26' title='bbox 863 457 1059 518; x_wconf 87' lang='lat' dir='ltr'>pondere</span> <span class='ocrx_word' id='word_1_27' title='bbox 1084 473 1239 503; x_wconf 85' lang='lat' dir='ltr'>eorum</span> <span class='ocrx_word' id='word_1_28' title='bbox 1271 472 1380 518; x_wconf 85' lang='lat' dir='ltr'>quae</span> <span class='ocrx_word' id='word_1_29' title='bbox 1397 468 1466 502; x_wconf 74' lang='lat' dir='ltr'>tu-</span> 
     </span>
     <span class='ocr_line' id='line_1_6' title="bbox 188 522 1477 592; baseline -0.001 -16"><span class='ocrx_word' id='word_1_30' title='bbox 188 530 258 588; x_wconf 85' lang='lat' dir='ltr'>lit,</span> <span class='ocrx_word' id='word_1_31' title='bbox 283 529 549 575; x_wconf 85' lang='lat' dir='ltr'>adminicula</span> <span class='ocrx_word' id='word_1_32' title='bbox 576 529 769 575; x_wconf 84' lang='lat' dir='ltr'><strong>deducit.</strong></span> <span class='ocrx_word' id='word_1_33' title='bbox 805 530 924 575; x_wconf 85' lang='lat' dir='ltr'>Num</span> <span class='ocrx_word' id='word_1_34' title='bbox 952 522 1047 592; x_wconf 62' lang='lat' dir='ltr'>quis</span> <span class='ocrx_word' id='word_1_35' title='bbox 1075 529 1176 576; x_wconf 71' lang='lat' dir='ltr'>huic</span> <span class='ocrx_word' id='word_1_36' title='bbox 1205 529 1321 575; x_wconf 80' lang='lat' dir='ltr'>illam</span> <span class='ocrx_word' id='word_1_37' title='bbox 1347 546 1477 592; x_wconf 76' lang='lat' dir='ltr'>prae-·</span> 
     </span>
     <span class='ocr_line' id='line_1_7' title="bbox 186 601 1466 663; baseline -0.002 -14"><span class='ocrx_word' id='word_1_38' title='bbox 186 603 296 650; x_wconf 87' lang='lat' dir='ltr'>feret</span> <span class='ocrx_word' id='word_1_39' title='bbox 328 604 464 649; x_wconf 87' lang='lat' dir='ltr'>vitem</span> <span class='ocrx_word' id='word_1_40' title='bbox 488 638 500 660; x_wconf 87' lang='lat'><strong><em>‚</em></strong></span> <span class='ocrx_word' id='word_1_41' title='bbox 533 603 601 650; x_wconf 86' lang='lat' dir='ltr'>cui</span> <span class='ocrx_word' id='word_1_42' title='bbox 633 618 788 648; x_wconf 84' lang='lat' dir='ltr'>aureae</span> <span class='ocrx_word' id='word_1_43' title='bbox 821 619 965 660; x_wconf 86' lang='lat' dir='ltr'>uvae,</span> <span class='ocrx_word' id='word_1_44' title='bbox 999 618 1127 648; x_wconf 84' lang='lat' dir='ltr'>aurea</span> <span class='ocrx_word' id='word_1_45' title='bbox 1161 602 1266 648; x_wconf 81' lang='lat' dir='ltr'>folia</span> <span class='ocrx_word' id='word_1_46' title='bbox 1297 601 1466 663; x_wconf 87' lang='lat' dir='ltr'>depen-</span> 
     </span>
     <span class='ocr_line' id='line_1_8' title="bbox 187 674 1474 740; baseline -0.003 -18"><span class='ocrx_word' id='word_1_47' title='bbox 187 677 327 724; x_wconf 84' lang='lat' dir='ltr'>dent?</span> <span class='ocrx_word' id='word_1_48' title='bbox 370 677 551 740; x_wconf 82' lang='lat' dir='ltr'>Propria</span> <span class='ocrx_word' id='word_1_49' title='bbox 582 677 718 723; x_wconf 80' lang='lat' dir='ltr'>virtus</span> <span class='ocrx_word' id='word_1_50' title='bbox 748 676 808 723; x_wconf 87' lang='lat' dir='ltr'>est</span> <span class='ocrx_word' id='word_1_51' title='bbox 831 676 875 722; x_wconf 89' lang='lat' dir='ltr'>in</span> <span class='ocrx_word' id='word_1_52' title='bbox 906 676 1027 730; x_wconf 87' lang='lat' dir='ltr'>vite,</span> <span class='ocrx_word' id='word_1_53' title='bbox 1058 675 1284 722; x_wconf 79' lang='lat' dir='ltr'>fertilitas:</span> <span class='ocrx_word' id='word_1_54' title='bbox 1314 674 1358 719; x_wconf 89' lang='lat' dir='ltr'>in</span> <span class='ocrx_word' id='word_1_55' title='bbox 1379 674 1474 719; x_wconf 69' lang='lat' dir='ltr'>lio-‘-</span> 
     </span>
     <span class='ocr_line' id='line_1_9' title="bbox 184 748 1473 813; baseline 0 -19"><span class='ocrx_word' id='word_1_56' title='bbox 184 749 302 795; x_wconf 85' lang='lat' dir='ltr'>mine</span> <span class='ocrx_word' id='word_1_57' title='bbox 328 767 510 813; x_wconf 86' lang='lat' dir='ltr'>quoque</span> <span class='ocrx_word' id='word_1_58' title='bbox 532 750 575 795; x_wconf 90' lang='lat' dir='ltr'>id</span> <span class='ocrx_word' id='word_1_59' title='bbox 599 750 863 796; x_wconf 81' lang='lat' dir='ltr'>laudandum</span> <span class='ocrx_word' id='word_1_60' title='bbox 891 750 975 807; x_wconf 87' lang='lat' dir='ltr'>est,</span> <span class='ocrx_word' id='word_1_61' title='bbox 993 750 1114 812; x_wconf 85' lang='lat' dir='ltr'>quod</span> <span class='ocrx_word' id='word_1_62' title='bbox 1137 750 1265 810; x_wconf 74' lang='lat' dir='ltr'>ipsuis</span> <span class='ocrx_word' id='word_1_63' title='bbox 1290 748 1363 795; x_wconf 85' lang='lat' dir='ltr'>est.</span> <span class='ocrx_word' id='word_1_64' title='bbox 1391 751 1473 793; x_wconf 65' lang='lat' dir='ltr'>Fas:</span> 
     </span>
     <span class='ocr_line' id='line_1_10' title="bbox 184 822 1467 886; baseline 0 -19"><span class='ocrx_word' id='word_1_65' title='bbox 184 822 349 868; x_wconf 68' lang='lat' dir='ltr'>milium</span> <span class='ocrx_word' id='word_1_66' title='bbox 379 822 622 870; x_wconf 88' lang='lat' dir='ltr'>formosam</span> <span class='ocrx_word' id='word_1_67' title='bbox 647 823 777 869; x_wconf 86' lang='lat' dir='ltr'>habet</span> <span class='ocrx_word' id='word_1_68' title='bbox 802 836 845 870; x_wconf 87' lang='lat' dir='ltr'>et</span> <span class='ocrx_word' id='word_1_69' title='bbox 865 823 1049 870; x_wconf 81' lang='lat' dir='ltr'>domum</span> <span class='ocrx_word' id='word_1_70' title='bbox 1074 823 1297 886; x_wconf 78' lang='lat' dir='ltr'>pulchram</span> <span class='ocrx_word' id='word_1_71' title='bbox 1321 840 1331 868; x_wconf 91' lang='lat'><strong>:</strong></span> <span class='ocrx_word' id='word_1_72' title='bbox 1353 822 1467 867; x_wconf 79' lang='lat' dir='ltr'>mul-</span> 
     </span>
     <span class='ocr_line' id='line_1_11' title="bbox 185 894 1468 957; baseline -0.001 -15"><span class='ocrx_word' id='word_1_73' title='bbox 185 909 279 942; x_wconf 88' lang='lat' dir='ltr'>tum</span> <span class='ocrx_word' id='word_1_74' title='bbox 297 895 398 944; x_wconf 85' lang='lat' dir='ltr'>serit</span> <span class='ocrx_word' id='word_1_75' title='bbox 412 933 425 952; x_wconf 93' lang='lat'>,</span> <span class='ocrx_word' id='word_1_76' title='bbox 446 897 630 942; x_wconf 85' lang='lat' dir='ltr'>multum</span> <span class='ocrx_word' id='word_1_77' title='bbox 652 895 867 943; x_wconf 85' lang='lat' dir='ltr'>foenerat.</span> <span class='ocrx_word' id='word_1_78' title='bbox 895 896 1004 942; x_wconf 85' lang='lat' dir='ltr'>nihil</span> <span class='ocrx_word' id='word_1_79' title='bbox 1024 898 1181 943; x_wconf 82' lang='lat' dir='ltr'>horum</span> <span class='ocrx_word' id='word_1_80' title='bbox 1200 895 1243 940; x_wconf 81' lang='lat' dir='ltr'>in</span> <span class='ocrx_word' id='word_1_81' title='bbox 1263 895 1359 957; x_wconf 83' lang='lat' dir='ltr'>ipso</span> <span class='ocrx_word' id='word_1_82' title='bbox 1380 894 1468 952; x_wconf 71' lang='lat' dir='ltr'>est„&#39;</span> 
     </span>
     <span class='ocr_line' id='line_1_12' title="bbox 186 966 1468 1031; baseline -0.003 -18"><span class='ocrx_word' id='word_1_83' title='bbox 186 966 258 1013; x_wconf 85' lang='lat' dir='ltr'>fed</span> <span class='ocrx_word' id='word_1_84' title='bbox 290 967 406 1014; x_wconf 87' lang='lat' dir='ltr'>circa</span> <span class='ocrx_word' id='word_1_85' title='bbox 430 966 584 1028; x_wconf 80' lang='lat' dir='ltr'>ipsum.</span> <span class='ocrx_word' id='word_1_86' title='bbox 607 967 752 1013; x_wconf 82' lang='lat' dir='ltr'>Lauda</span> <span class='ocrx_word' id='word_1_87' title='bbox 778 966 822 1012; x_wconf 90' lang='lat' dir='ltr'>in</span> <span class='ocrx_word' id='word_1_88' title='bbox 845 966 968 1029; x_wconf 85' lang='lat' dir='ltr'>ipso,</span> <span class='ocrx_word' id='word_1_89' title='bbox 993 969 1115 1031; x_wconf 77' lang='lat' dir='ltr'>quod</span> <span class='ocrx_word' id='word_1_90' title='bbox 1146 982 1226 1012; x_wconf 89' lang='lat' dir='ltr'>nec</span> <span class='ocrx_word' id='word_1_91' title='bbox 1246 966 1358 1026; x_wconf 77' lang='lat' dir='ltr'>eripi</span> <span class='ocrx_word' id='word_1_92' title='bbox 1379 983 1468 1027; x_wconf 85' lang='lat' dir='ltr'>po·-</span> 
     </span>
     <span class='ocr_line' id='line_1_13' title="bbox 186 1037 1470 1103; baseline -0.002 -18"><span class='ocrx_word' id='word_1_93' title='bbox 186 1039 287 1096; x_wconf 82' lang='lat' dir='ltr'>test,</span> <span class='ocrx_word' id='word_1_94' title='bbox 314 1057 394 1086; x_wconf 85' lang='lat' dir='ltr'>nec</span> <span class='ocrx_word' id='word_1_95' title='bbox 420 1040 541 1086; x_wconf 86' lang='lat' dir='ltr'>dari:</span> <span class='ocrx_word' id='word_1_96' title='bbox 560 1040 681 1103; x_wconf 84' lang='lat' dir='ltr'>quod</span> <span class='ocrx_word' id='word_1_97' title='bbox 700 1040 935 1102; x_wconf 76' lang='lat' dir='ltr'>‘proprium</span> <span class='ocrx_word' id='word_1_98' title='bbox 964 1040 1024 1087; x_wconf 78' lang='lat' dir='ltr'>est</span> <span class='ocrx_word' id='word_1_99' title='bbox 1046 1039 1252 1086; x_wconf 75' lang='lat' dir='ltr'>hominis.</span> <span class='ocrx_word' id='word_1_100' title='bbox 1281 1037 1470 1098; x_wconf 65' lang='lat' dir='ltr'>Quaeris‘</span> 
     </span>
     <span class='ocr_line' id='line_1_14' title="bbox 182 1111 1504 1176; baseline -0.003 -18"><span class='ocrx_word' id='word_1_101' title='bbox 182 1112 289 1176; x_wconf 87' lang='lat' dir='ltr'>quid</span> <span class='ocrx_word' id='word_1_102' title='bbox 318 1113 397 1158; x_wconf 82' lang='lat' dir='ltr'>fit?</span> <span class='ocrx_word' id='word_1_103' title='bbox 423 1113 613 1170; x_wconf 70' lang='lat' dir='ltr'>animus3</span> <span class='ocrx_word' id='word_1_104' title='bbox 633 1125 675 1158; x_wconf 91' lang='lat' dir='ltr'>et</span> <span class='ocrx_word' id='word_1_105' title='bbox 701 1112 815 1159; x_wconf 85' lang='lat' dir='ltr'>ratio</span> <span class='ocrx_word' id='word_1_106' title='bbox 842 1111 886 1158; x_wconf 84' lang='lat' dir='ltr'>in</span> <span class='ocrx_word' id='word_1_107' title='bbox 914 1112 1064 1159; x_wconf 88' lang='lat' dir='ltr'>animo</span> <span class='ocrx_word' id='word_1_108' title='bbox 1084 1112 1288 1174; x_wconf 63' lang='lat' dir='ltr'>perfeElm</span> <span class='ocrx_word' id='word_1_109' title='bbox 1320 1111 1469 1156; x_wconf 69' lang='lat' dir='ltr'>Ratio-</span> <span class='ocrx_word' id='word_1_110' title='bbox 1501 1148 1504 1154; x_wconf 95' lang='grc'><em>,</em></span> 
     </span>
     <span class='ocr_line' id='line_1_15' title="bbox 182 1185 1468 1248; baseline -0.002 -16"><span class='ocrx_word' id='word_1_111' title='bbox 182 1187 278 1232; x_wconf 90' lang='lat' dir='ltr'>nale</span> <span class='ocrx_word' id='word_1_112' title='bbox 297 1188 415 1234; x_wconf 85' lang='lat' dir='ltr'>enim</span> <span class='ocrx_word' id='word_1_113' title='bbox 436 1187 595 1234; x_wconf 84' lang='lat' dir='ltr'>animal</span> <span class='ocrx_word' id='word_1_114' title='bbox 614 1187 674 1232; x_wconf 80' lang='lat' dir='ltr'>est</span> <span class='ocrx_word' id='word_1_115' title='bbox 689 1188 843 1233; x_wconf 78' lang='lat' dir='ltr'>homo,</span> <span class='ocrx_word' id='word_1_116' title='bbox 862 1187 1190 1235; x_wconf 81' lang='lat' dir='ltr'>consummatur</span> <span class='ocrx_word' id='word_1_117' title='bbox 1208 1186 1352 1248; x_wconf 76' lang='lat' dir='ltr'>itaque</span> <span class='ocrx_word' id='word_1_118' title='bbox 1374 1185 1468 1230; x_wconf 59' lang='lat' dir='ltr'>eiizss</span> 
     </span>
     <span class='ocr_line' id='line_1_16' title="bbox 183 1257 1474 1322; baseline -0.003 -16"><span class='ocrx_word' id='word_1_119' title='bbox 183 1259 375 1316; x_wconf 88' lang='lat' dir='ltr'>bonum,</span> <span class='ocrx_word' id='word_1_120' title='bbox 398 1260 497 1318; x_wconf 77' lang='lat' dir='ltr'>fiid</span> <span class='ocrx_word' id='word_1_121' title='bbox 526 1260 783 1322; x_wconf 88' lang='lat' dir='ltr'>adimplevit</span> <span class='ocrx_word' id='word_1_122' title='bbox 808 1259 878 1306; x_wconf 89' lang='lat' dir='ltr'>cui</span> <span class='ocrx_word' id='word_1_123' title='bbox 904 1258 1110 1306; x_wconf 72' lang='lat' dir='ltr'>nascitur:</span> <span class='ocrx_word' id='word_1_124' title='bbox 1143 1259 1267 1319; x_wconf 75' lang='lat' dir='ltr'>Quid</span> <span class='ocrx_word' id='word_1_125' title='bbox 1299 1257 1361 1304; x_wconf 84' lang='lat' dir='ltr'>est</span> <span class='ocrx_word' id='word_1_126' title='bbox 1392 1267 1474 1302; x_wconf 61' lang='lat' dir='ltr'>ati-f</span> 
     </span>
     <span class='ocr_line' id='line_1_17' title="bbox 184 1330 1470 1395; baseline -0.005 -16"><span class='ocrx_word' id='word_1_127' title='bbox 184 1344 274 1379; x_wconf 90' lang='lat' dir='ltr'>tem</span> <span class='ocrx_word' id='word_1_128' title='bbox 293 1333 417 1395; x_wconf 83' lang='lat' dir='ltr'>quod</span> <span class='ocrx_word' id='word_1_129' title='bbox 435 1332 488 1378; x_wconf 89' lang='lat' dir='ltr'>ab</span> <span class='ocrx_word' id='word_1_130' title='bbox 513 1332 590 1378; x_wconf 84' lang='lat' dir='ltr'>illo</span> <span class='ocrx_word' id='word_1_131' title='bbox 618 1332 733 1378; x_wconf 86' lang='lat' dir='ltr'>ratio</span> <span class='ocrx_word' id='word_1_132' title='bbox 752 1331 858 1378; x_wconf 86' lang='lat' dir='ltr'>haec</span> <span class='ocrx_word' id='word_1_133' title='bbox 881 1331 1046 1395; x_wconf 81' lang='lat' dir='ltr'>exigit?</span> <span class='ocrx_word' id='word_1_134' title='bbox 1074 1348 1167 1378; x_wconf 88' lang='lat' dir='ltr'>rem</span> <span class='ocrx_word' id='word_1_135' title='bbox 1189 1330 1438 1377; x_wconf 68' lang='lat' dir='ltr'>facillimam</span> <span class='ocrx_word' id='word_1_136' title='bbox 1456 1363 1470 1383; x_wconf 78' lang='grc'><em>,</em></span> 
     </span>
     <span class='ocr_line' id='line_1_18' title="bbox 184 1402 1469 1451; baseline -0.004 -1"><span class='ocrx_word' id='word_1_137' title='bbox 184 1403 421 1450; x_wconf 80' lang='lat' dir='ltr'>secundum</span> <span class='ocrx_word' id='word_1_138' title='bbox 448 1417 642 1450; x_wconf 78' lang='lat' dir='ltr'>naturam</span> <span class='ocrx_word' id='word_1_139' title='bbox 672 1404 788 1449; x_wconf 84' lang='lat' dir='ltr'>suam</span> <span class='ocrx_word' id='word_1_140' title='bbox 814 1403 994 1451; x_wconf 79' lang='lat' dir='ltr'>vivere:</span> <span class='ocrx_word' id='word_1_141' title='bbox 1016 1402 1089 1449; x_wconf 85' lang='lat' dir='ltr'>sed</span> <span class='ocrx_word' id='word_1_142' title='bbox 1110 1403 1223 1449; x_wconf 84' lang='lat' dir='ltr'>hanc</span> <span class='ocrx_word' id='word_1_143' title='bbox 1248 1402 1469 1448; x_wconf 79' lang='lat' dir='ltr'>difficilem</span> 
     </span>
     <span class='ocr_line' id='line_1_19' title="bbox 182 1476 1469 1525; baseline -0.002 -3"><span class='ocrx_word' id='word_1_144' title='bbox 182 1476 285 1523; x_wconf 88' lang='lat' dir='ltr'>facit</span> <span class='ocrx_word' id='word_1_145' title='bbox 316 1478 566 1525; x_wconf 81' lang='lat' dir='ltr'>communis</span> <span class='ocrx_word' id='word_1_146' title='bbox 600 1477 774 1524; x_wconf 86' lang='lat' dir='ltr'>insania.</span> <span class='ocrx_word' id='word_1_147' title='bbox 815 1479 863 1522; x_wconf 90' lang='lat' dir='ltr'>In</span> <span class='ocrx_word' id='word_1_148' title='bbox 899 1477 1009 1523; x_wconf 83' lang='lat' dir='ltr'>vitia</span> <span class='ocrx_word' id='word_1_149' title='bbox 1036 1476 1142 1523; x_wconf 85' lang='lat' dir='ltr'>alter</span> <span class='ocrx_word' id='word_1_150' title='bbox 1167 1477 1348 1524; x_wconf 78' lang='lat' dir='ltr'>alterum</span> <span class='ocrx_word' id='word_1_151' title='bbox 1378 1487 1469 1521; x_wconf 75' lang='lat' dir='ltr'>tru-</span> 
     </span>
     <span class='ocr_line' id='line_1_20' title="bbox 184 1549 1478 1639; baseline -0.002 -43"><span class='ocrx_word' id='word_1_152' title='bbox 184 1550 341 1598; x_wconf 85' lang='lat' dir='ltr'>dimus.</span> <span class='ocrx_word' id='word_1_153' title='bbox 358 1552 592 1614; x_wconf 83' lang='lat' dir='ltr'>quomodo</span> <span class='ocrx_word' id='word_1_154' title='bbox 609 1564 756 1598; x_wconf 84' lang='lat' dir='ltr'>autem</span> <span class='ocrx_word' id='word_1_155' title='bbox 776 1552 831 1597; x_wconf 85' lang='lat' dir='ltr'>ad</span> <span class='ocrx_word' id='word_1_156' title='bbox 856 1551 1032 1597; x_wconf 81' lang='lat' dir='ltr'>salutem</span> <span class='ocrx_word' id='word_1_157' title='bbox 1050 1550 1256 1598; x_wconf 85' lang='lat' dir='ltr'>revocari</span> <span class='ocrx_word' id='word_1_158' title='bbox 1278 1549 1478 1639; x_wconf 34' lang='lat' dir='ltr'>poffimtf</span> 
     </span>
     <span class='ocr_line' id='line_1_21' title="bbox 183 1623 1158 1688; baseline -0.001 -17"><span class='ocrx_word' id='word_1_159' title='bbox 183 1641 298 1688; x_wconf 90' lang='lat' dir='ltr'>quos</span> <span class='ocrx_word' id='word_1_160' title='bbox 329 1642 464 1673; x_wconf 87' lang='lat' dir='ltr'>nemo</span> <span class='ocrx_word' id='word_1_161' title='bbox 497 1626 683 1684; x_wconf 82' lang='lat' dir='ltr'>retinet,</span> <span class='ocrx_word' id='word_1_162' title='bbox 712 1624 906 1688; x_wconf 84' lang='lat' dir='ltr'>populus</span> <span class='ocrx_word' id='word_1_163' title='bbox 938 1623 1158 1687; x_wconf 85' lang='lat' dir='ltr'>impellit?</span> 
     </span>
    </p>
   </div>
   <div class='ocr_carea' id='block_1_4' title="bbox 455 1755 1204 1803">
    <p class='ocr_par' dir='ltr' id='par_1_4' title="bbox 455 1755 1204 1803">
     <span class='ocr_line' id='line_1_22' title="bbox 455 1755 1204 1803; baseline -0.005 0"><span class='ocrx_word' id='word_1_164' title='bbox 455 1758 931 1803; x_wconf 80' lang='lat' dir='ltr'>EPIST.OLA</span> <span class='ocrx_word' id='word_1_165' title='bbox 1015 1755 1204 1801; x_wconf 65' lang='lat' dir='ltr'>XLII.</span> 
     </span>
    </p>
   </div>
   <div class='ocr_carea' id='block_1_5' title="bbox 184 1882 1468 2240">
    <p class='ocr_par' dir='ltr' id='par_1_5' title="bbox 184 1882 1468 2240">
     <span class='ocr_line' id='line_1_23' title="bbox 184 1882 1468 1948; baseline -0.004 -14"><span class='ocrx_word' id='word_1_166' title='bbox 184 1892 286 1934; x_wconf 74' lang='lat' dir='ltr'>Non</span> <span class='ocrx_word' id='word_1_167' title='bbox 311 1891 390 1934; x_wconf 82' lang='lat' dir='ltr'>cito</span> <span class='ocrx_word' id='word_1_168' title='bbox 415 1891 650 1934; x_wconf 76' lang='lat' dir='ltr'>credendum</span> <span class='ocrx_word' id='word_1_169' title='bbox 683 1890 731 1932; x_wconf 86' lang='lat' dir='ltr'>de</span> <span class='ocrx_word' id='word_1_170' title='bbox 761 1889 850 1932; x_wconf 71' lang='lat' dir='ltr'>viro</span> <span class='ocrx_word' id='word_1_171' title='bbox 879 1888 985 1930; x_wconf 75' lang='lat' dir='ltr'>bono</span> <span class='ocrx_word' id='word_1_172' title='bbox 1010 1902 1026 1929; x_wconf 90' lang='lat'>.·</span> <span class='ocrx_word' id='word_1_173' title='bbox 1049 1903 1128 1930; x_wconf 79' lang='lat' dir='ltr'>rem</span> <span class='ocrx_word' id='word_1_174' title='bbox 1154 1901 1351 1946; x_wconf 71' lang='lat' dir='ltr'>magnam</span> <span class='ocrx_word' id='word_1_175' title='bbox 1380 1882 1468 1948; x_wconf 23' lang='lat' dir='ltr'>este.-</span> 
     </span>
     <span class='ocr_line' id='line_1_24' title="bbox 253 1957 1464 2021; baseline -0.003 -15"><span class='ocrx_word' id='word_1_176' title='bbox 253 1963 473 2021; x_wconf 80' lang='lat' dir='ltr'>Quosdam</span> <span class='ocrx_word' id='word_1_177' title='bbox 497 1961 716 2020; x_wconf 71' lang='lat' dir='ltr'>praeferre,</span> <span class='ocrx_word' id='word_1_178' title='bbox 751 1974 826 2003; x_wconf 80' lang='lat' dir='ltr'>aut</span> <span class='ocrx_word' id='word_1_179' title='bbox 852 1957 1046 2020; x_wconf 72' lang='lat' dir='ltr'>fitnulare</span> <span class='ocrx_word' id='word_1_180' title='bbox 1061 1975 1080 2011; x_wconf 88' lang='lat'>,·</span> <span class='ocrx_word' id='word_1_181' title='bbox 1109 1961 1242 2002; x_wconf 82' lang='lat' dir='ltr'>malos</span> <span class='ocrx_word' id='word_1_182' title='bbox 1257 1957 1430 2015; x_wconf 74' lang='lat' dir='ltr'>futuros</span> <span class='ocrx_word' id='word_1_183' title='bbox 1448 1992 1464 2012; x_wconf 90' lang='lat'>,</span> 
     </span>
     <span class='ocr_line' id='line_1_25' title="bbox 233 2033 1464 2098; baseline -0.005 -19"><span class='ocrx_word' id='word_1_184' title='bbox 233 2034 282 2097; x_wconf 80' lang='lat' dir='ltr'><em>st</em></span> <span class='ocrx_word' id='word_1_185' title='bbox 297 2035 359 2098; x_wconf 81' lang='lat' dir='ltr'>stt</span> <span class='ocrx_word' id='word_1_186' title='bbox 391 2033 554 2096; x_wconf 80' lang='lat' dir='ltr'>occasio.</span> <span class='ocrx_word' id='word_1_187' title='bbox 586 2036 795 2091; x_wconf 72' lang='lat' dir='ltr'>Exemplo</span> <span class='ocrx_word' id='word_1_188' title='bbox 825 2033 1041 2077; x_wconf 80' lang='lat' dir='ltr'>cuiusdam</span> <span class='ocrx_word' id='word_1_189' title='bbox 1071 2033 1196 2076; x_wconf 79' lang='lat' dir='ltr'>docet.</span> <span class='ocrx_word' id='word_1_190' title='bbox 1237 2033 1340 2075; x_wconf 79' lang='lat' dir='ltr'>Tum</span> <span class='ocrx_word' id='word_1_191' title='bbox 1376 2048 1464 2074; x_wconf 76' lang='lat' dir='ltr'>tzorz</span> 
     </span>
     <span class='ocr_line' id='line_1_26' title="bbox 245 2103 1466 2164; baseline -0.004 -13"><span class='ocrx_word' id='word_1_192' title='bbox 245 2104 522 2151; x_wconf 72' lang='lat' dir='ltr'>‘laborandum</span> <span class='ocrx_word' id='word_1_193' title='bbox 547 2106 591 2149; x_wconf 73' lang='lat' dir='ltr'>in</span> <span class='ocrx_word' id='word_1_194' title='bbox 617 2108 798 2150; x_wconf 71' lang='lat' dir='ltr'>extemis</span> <span class='ocrx_word' id='word_1_195' title='bbox 811 2139 825 2162; x_wconf 86' lang='lat'>‚</span> <span class='ocrx_word' id='word_1_196' title='bbox 854 2122 956 2164; x_wconf 78' lang='lat' dir='ltr'>quae</span> <span class='ocrx_word' id='word_1_197' title='bbox 975 2105 1234 2148; x_wconf 77' lang='lat' dir='ltr'>incommoda</span> <span class='ocrx_word' id='word_1_198' title='bbox 1250 2137 1263 2160; x_wconf 85' lang='lat'>‚</span> <span class='ocrx_word' id='word_1_199' title='bbox 1288 2103 1466 2161; x_wconf 69' lang='lat' dir='ltr'>autfid-</span> 
     </span>
     <span class='ocr_line' id='line_1_27' title="bbox 238 2179 756 2240; baseline -0.002 -15"><span class='ocrx_word' id='word_1_200' title='bbox 238 2181 298 2240; x_wconf 82' lang='lat' dir='ltr'>sa</span> <span class='ocrx_word' id='word_1_201' title='bbox 326 2181 538 2224; x_wconf 85' lang='lat' dir='ltr'>commoda</span> <span class='ocrx_word' id='word_1_202' title='bbox 554 2211 568 2235; x_wconf 93' lang='lat'>,</span> <span class='ocrx_word' id='word_1_203' title='bbox 595 2179 756 2224; x_wconf 71' lang='lat' dir='ltr'>hahent.</span> 
     </span>
    </p>
   </div>
   <div class='ocr_carea' id='block_1_6' title="bbox 186 2286 1466 2560">
    <p class='ocr_par' dir='ltr' id='par_1_6' title="bbox 186 2286 1466 2560">
     <span class='ocr_line' id='line_1_28' title="bbox 188 2286 1466 2414; baseline -0.008 -12"><span class='ocrx_word' id='word_1_204' title='bbox 188 2286 328 2402; x_wconf 85' lang='lat' dir='ltr'>IAM</span> <span class='ocrx_word' id='word_1_205' title='bbox 357 2350 437 2397; x_wconf 86' lang='lat' dir='ltr'>tibi</span> <span class='ocrx_word' id='word_1_206' title='bbox 458 2350 532 2398; x_wconf 83' lang='lat' dir='ltr'>iste</span> <span class='ocrx_word' id='word_1_207' title='bbox 562 2349 791 2414; x_wconf 62' lang='lat' dir='ltr'>persuasit,</span> <span class='ocrx_word' id='word_1_208' title='bbox 816 2348 856 2394; x_wconf 88' lang='lat' dir='ltr'>se</span> <span class='ocrx_word' id='word_1_209' title='bbox 881 2347 1028 2394; x_wconf 83' lang='lat' dir='ltr'>virum</span> <span class='ocrx_word' id='word_1_210' title='bbox 1052 2348 1223 2395; x_wconf 86' lang='lat' dir='ltr'>bonum</span> <span class='ocrx_word' id='word_1_211' title='bbox 1255 2347 1353 2394; x_wconf 79' lang='lat' dir='ltr'>effe.</span> <span class='ocrx_word' id='word_1_212' title='bbox 1387 2349 1466 2393; x_wconf 79' lang='lat' dir='ltr'><strong>At·-</strong></span> 
     </span>
     <span class='ocr_line' id='line_1_29' title="bbox 187 2421 1466 2484; baseline -0.002 -16"><span class='ocrx_word' id='word_1_213' title='bbox 187 2423 262 2484; x_wconf 83' lang='lat' dir='ltr'>qui</span> <span class='ocrx_word' id='word_1_214' title='bbox 285 2422 354 2469; x_wconf 90' lang='lat' dir='ltr'>vir</span> <span class='ocrx_word' id='word_1_215' title='bbox 385 2423 528 2469; x_wconf 87' lang='lat' dir='ltr'>bonus</span> <span class='ocrx_word' id='word_1_216' title='bbox 558 2434 646 2469; x_wconf 85' lang='lat' dir='ltr'>tam</span> <span class='ocrx_word' id='word_1_217' title='bbox 674 2423 765 2469; x_wconf 82' lang='lat' dir='ltr'>cito</span> <span class='ocrx_word' id='word_1_218' title='bbox 797 2438 876 2468; x_wconf 83' lang='lat' dir='ltr'>nec</span> <span class='ocrx_word' id='word_1_219' title='bbox 910 2421 1005 2468; x_wconf 85' lang='lat' dir='ltr'>fieri</span> <span class='ocrx_word' id='word_1_220' title='bbox 1036 2421 1204 2483; x_wconf 87' lang='lat' dir='ltr'>potest,</span> <span class='ocrx_word' id='word_1_221' title='bbox 1231 2437 1310 2467; x_wconf 83' lang='lat' dir='ltr'>nec</span> <span class='ocrx_word' id='word_1_222' title='bbox 1339 2421 1466 2466; x_wconf 84' lang='lat' dir='ltr'>intel-</span> 
     </span>
     <span class='ocr_line' id='line_1_30' title="bbox 186 2494 1466 2560; baseline -0.002 -18"><span class='ocrx_word' id='word_1_223' title='bbox 186 2494 276 2559; x_wconf 84' lang='lat' dir='ltr'>ligi.</span> <span class='ocrx_word' id='word_1_224' title='bbox 317 2494 408 2544; x_wconf 84' lang='lat' dir='ltr'>Scis</span> <span class='ocrx_word' id='word_1_225' title='bbox 439 2513 573 2560; x_wconf 84' lang='lat' dir='ltr'>quem</span> <span class='ocrx_word' id='word_1_226' title='bbox 599 2513 714 2544; x_wconf 83' lang='lat' dir='ltr'>nunc</span> <span class='ocrx_word' id='word_1_227' title='bbox 750 2495 895 2545; x_wconf 68' lang='lat' dir='ltr'>virum</span> <span class='ocrx_word' id='word_1_228' title='bbox 929 2496 1098 2541; x_wconf 78' lang='lat' dir='ltr'>bonum</span> <span class='ocrx_word' id='word_1_229' title='bbox 1133 2494 1310 2542; x_wconf 82' lang='lat' dir='ltr'>dicam?</span> <span class='ocrx_word' id='word_1_230' title='bbox 1340 2494 1466 2540; x_wconf 67' lang='lat' dir='ltr'>huius</span> 
     </span>
    </p>
   </div>
  </div>
 </body>
</html>
