1807 3004
545 181 1126 227 EPISTOLAE.
1377 197 1463 245 33¹

266 329 425 344 --·-··
455 310 615 374 instrati
643 310 743 373 ostro
771 311 945 369 alipedes
962 345 973 363 ,
992 309 1195 369 piHisque
1226 311 1385 369 tapetis.

266 384 409 426 Aurea
426 381 653 441 pefflorilms
687 378 851 444 demiffiz
888 384 1059 425 monilia
1085 384 1276 441 pendent.

271 452 378 499 Tem·
411 471 536 510 auro,
559 453 730 511 fulvum
762 456 969 498 mandunt
983 454 1068 513 sul>
1090 455 1280 498 dentibus
1308 471 1469 502 aarum.

199 573 279 621 Ista
299 591 379 622 nec
399 575 625 622 dominum
650 576 871 623 meliorem
896 574 1072 638 possunt
1091 575 1231 621 facere
1245 609 1262 630 ,
1280 593 1358 623 nec
1376 594 1472 623 mu-

199 648 296 693 lam.
323 650 384 693 M.
410 648 524 694 Cato
545 647 779 693 Censorius
803 646 959 710 (quem
985 664 1071 693 tam
1091 648 1351 709 reipublicae
1372 649 1471 695 her*

200 719 295 766 cule
324 720 491 782 profuit
510 719 620 768 nasci
643 738 770 784 quam
803 722 1054 782 Scipionem
1075 740 1084 768 t
1106 723 1211 768 alter
1232 723 1347 769 enim
1368 740 1469 770 cum

199 792 393 839 hostibus
425 793 578 840 nostris
604 794 761 841 bellum
782 827 796 850 ‚
825 796 935 841 alter
959 812 1057 842 cum
1092 796 1287 843 moribus
1320 796 1468 860 geffit)

199 867 393 913 canterio
428 867 692 923 vehebatur,
721 883 762 915 et
787 869 1044 931 hippoperis
1080 870 1255 932 quidem
1286 871 1466 933 impofi-

198 940 274 998 tis,
302 952 348 985 ut
376 940 519 986 secum
550 940 669 986 utilia
698 955 904 1002 portaret·
939 943 983 987 O
1010 957 1139 1003 qnam
1174 958 1380 1003 cuperem
1408 943 1469 988 illi

197 1029 312 1058 nunc
344 1028 572 1059 occurrere
601 1012 787 1075 aliquem
821 1029 873 1058 ex
904 1012 968 1058 his
1001 1013 1191 1059 trossulis
1223 1014 1266 1058 in
1299 1014 1370 1059 via
1400 1016 1469 1060 cli-

195 1084 392 1142 vitibus,
431 1084 626 1132 cursores
657 1100 700 1132 et
736 1086 972 1141 Numidas,
1011 1099 1052 1132 et
1087 1087 1271 1132 multum
1304 1101 1401 1134 ante
1429 1087 1469 1134 se

194 1159 388 1220 pulveris
420 1159 643 1222 agentem!
680 1160 762 1207 Hic
801 1159 887 1206 fine
922 1161 1057 1207 dubio
1092 1161 1250 1207 cultior
1281 1163 1469 1208 comita-

195 1231 370 1295 tiorque
401 1249 529 1295 quam
569 1236 628 1278 M.
664 1233 781 1279 Cato
813 1233 1036 1279 videretur
1064 1251 1073 1278 :
1107 1234 1205 1288 hic,
1234 1233 1346 1279 inter
1371 1235 1471 1281 illos

196 1317 422 1366 apparatus
444 1304 655 1350 delicatos
682 1304 757 1366 qui
787 1305 1078 1351 cummaxime
1105 1306 1297 1361 dubitat,
1326 1319 1469 1352 utrum

195 1375 237 1422 se
257 1378 310 1421 ad
331 1376 519 1439 gladium
547 1376 686 1433 locet,
713 1393 763 1421 an
785 1377 836 1422 ad
859 1378 1062 1423 cultrum.
1085 1378 1130 1422 O
1148 1393 1356 1439 quantum
1378 1393 1469 1423 erat

194 1452 322 1497 seculi
341 1453 470 1498 decus
488 1487 500 1507 ,
526 1451 837 1514 imperatorem
859 1452 1164 1513 triumphalem
1183 1487 1195 1507 ‚
1221 1451 1469 1497 censorium

199 1522 265 1586 (et
289 1526 408 1587 quod
439 1526 562 1587 super
586 1525 737 1570 omnia
763 1525 868 1571 haec
893 1522 976 1587 est)
999 1525 1242 1580 Catonern,
1277 1541 1366 1569 uno
1396 1542 1466 1570 ca-

194 1597 311 1643 ballo
348 1598 431 1644 effe
464 1610 717 1645 contentum
736 1634 747 1655 ,
780 1611 822 1644 et
851 1616 904 1644 ne
934 1611 1034 1644 toto
1061 1597 1267 1660 quidem!
1297 1599 1466 1644 Partem

195 1672 310 1717 enim
341 1672 551 1727 sarcinae,
581 1673 634 1718 ab
666 1684 852 1735 utroque
880 1673 1010 1717 latere
1037 1672 1352 1733 dependentes,
1384 1689 1467 1718 oc·-

194 1744 420 1805 cupabant.
442 1747 500 1790 lta
524 1761 615 1790 non
635 1745 841 1792 omnibus
861 1744 999 1790 obesis
1016 1745 1202 1801 mannis,
1224 1758 1266 1790 et
1285 1744 1470 1790 asturco-

192 1816 342 1872 nibus,
370 1831 411 1862 et
435 1816 660 1863 tollutariis
685 1816 920 1878 praeferres
940 1817 1118 1865 unicum
1145 1816 1263 1861 illum
1285 1833 1467 1877 equum,

193 1891 247 1935 ab
274 1890 369 1951 ipso
401 1883 570 1937 Catone
598 1891 827 1937 defrictum
850 1890 866 1936 ?
896 1890 1042 1936 Video
1070 1907 1161 1936 non
1190 1889 1384 1936 futurum
1412 1888 1465 1934 fi-

196 1980 295 2010 nem
322 1963 365 2009 in
397 1962 470 2008 ista
496 1963 673 2008 materia
700 1963 856 2019 ullum,
887 1961 963 2007 nifi
987 1979 1117 2025 quem
1145 1962 1250 2007 mihi
1274 1962 1363 2022 ipse
1394 1960 1463 2006 feo

195 2051 314 2081 cero.
365 2035 448 2082 Hic
478 2036 624 2096 itaque
655 2034 942 2082 conticescam
965 2066 979 2089 ‚
1009 2051 1218 2098 quantum
1258 2035 1313 2080 ad
1348 2033 1422 2080 ista
1452 2052 1462 2079 :

196 2123 306 2168 qnae
335 2106 421 2152 fine
449 2107 583 2152 dubio
603 2108 699 2154 talia
723 2107 942 2154 divinavit
971 2107 1144 2164 futura,
1177 2110 1316 2171 qualia
1347 2125 1466 2154 nunc

196 2179 317 2234 sunt,
337 2179 410 2240 qui
430 2180 593 2241 primns
623 2181 855 2242 appellavit
875 2181 1204 2242 impedimenta.
1229 2184 1358 2228 Nunc
1386 2197 1468 2227 vo-

195 2249 241 2296 lo
262 2251 530 2311 pauciffimas
556 2252 696 2298 adhuc
726 2253 1088 2316 interrogationes
1109 2254 1357 2301 nostrorum
1386 2255 1467 2302 tibi

194 2324 402 2380 reddere,
434 2325 486 2370 ad
512 2325 715 2371 virtutem
748 2326 1040 2387 pertinentes,
1068 2343 1198 2389 quam
1224 2328 1465 2376 satisfacere

196 2397 312 2443 vitae
343 2397 490 2444 beatae
523 2398 840 2445 contendimus.
875 2401 1013 2459 Quod
1050 2401 1217 2446 bonum
1242 2400 1303 2447 est
1326 2434 1342 2456 ,
1385 2402 1466 2446 bo-

195 2483 277 2517 nos
301 2467 428 2516 facit:
450 2484 551 2515 nam
573 2481 616 2516 et
642 2469 687 2517 in
716 2481 804 2518 arte
833 2471 991 2517 mufica
1023 2471 1145 2534 quod
1172 2471 1338 2518 bonum
1370 2470 1432 2518 est
1453 2506 1468 2530 ,
