1807 3004
603 171 1188 219 EPISTOLAE.
1478 186 1530 235 55

254 278 331 326 tibi
360 271 504 326 facere
529 278 750 327 videaris:
779 278 914 326 facies
943 280 1060 326 enim
1088 277 1210 342 quod
1233 277 1369 326 multa
1400 277 1534 324 millia

254 351 508 407 servorum,
541 352 677 398 multa
708 351 843 397 millia
870 367 1114 414 pauperum
1146 348 1320 396 faciunt.
1354 350 1433 394 Illo
1453 366 1538 409 no-

254 424 372 470 mine
401 439 443 470 te
474 424 659 487 suspice,
690 424 815 487 quod
837 423 968 470 facies
1000 439 1091 468 non
1121 422 1311 468 coactus.
1347 422 1459 467 Tam
1480 421 1538 467 sa·

257 498 340 544 cile
367 498 452 544 erit
481 497 561 544 tibi
587 497 692 543 illud
719 497 808 559 pati
833 498 1025 559 semper,
1054 512 1183 559 quam
1205 494 1440 558 aliquando
1460 511 1538 540 ex·-

257 571 403 634 periri.
436 575 724 618 Exerceamur
749 568 979 635 ad'palum
1002 589 1012 616 :
1035 584 1078 617 et
1103 587 1157 616 ne
1174 570 1410 633 imparatos
1439 569 1537 615 for-

260 653 364 688 tuna
402 643 726 707 deprehendar,
760 642 834 689 fiat
869 643 995 691 nobis
1029 655 1258 706 paupertas
1302 641 1538 688 familiaria

220 737 222 739 >
256 714 454 763 Securius
490 715 646 765 divites
677 715 865 773 erimus,
891 715 922 762 fi
953 716 1177 762 scierimus
1205 731 1337 779 quam
1370 730 1459 761 non
1489 714 1539 758 fit

254 802 388 848 grave
415 804 627 850 pauperes
655 788 754 835 esse.
780 789 940 834 Certos
968 786 1151 833 habebat
1185 787 1277 834 dies
1303 786 1374 832 ille
1395 786 1538 849 magi·-

257 857 340 904 ster
361 860 599 923 voluptatis
628 862 866 924 Epicurus,
885 860 1042 924 quibus
1066 859 1251 922 maligne
1278 858 1439 905 famem
1461 875 1537 904 ex-

229 973 235 976 .
255 928 490 993 stingueret
509 950 519 978 :
539 933 708 980 visurus
726 949 780 978 an
797 933 960 996 aliquid
979 931 1139 979 deeffet
1155 949 1212 979 ex
1231 932 1359 995 plena
1377 942 1419 978 et
1439 947 1536 977 con-

257 1001 473 1050 summata
495 1004 753 1068 voluptate,
769 1005 842 1052 vel
865 1019 1078 1068 quantum
1107 1003 1295 1060 deeffet,
1324 1016 1367 1050 et
1387 1020 1441 1050 an
1467 1003 1538 1049 di-

258 1091 393 1137 gnum
410 1111 424 1132 ‚
449 1079 573 1140 quod
605 1078 702 1141 quis
731 1095 892 1142 magno
910 1077 1060 1125 labore
1087 1076 1298 1141 pensaret.
1324 1078 1414 1141 hoc
1441 1093 1537 1125 cer-

256 1163 302 1197 te
330 1149 375 1198 in
407 1152 473 1199 his
501 1151 693 1215 epistolis
724 1152 810 1211 ait,
836 1168 941 1216 quas
969 1151 1160 1215 scripsit,
1179 1150 1378 1199 Charino
1405 1150 1540 1214 magi-

258 1223 414 1284 stratu,
434 1227 488 1273 ad
510 1227 798 1291 Polyaenum.
832 1229 886 1273 Et
905 1226 1082 1291 quidem
1101 1224 1332 1289 gloriatur,
1352 1242 1442 1272 non
1461 1236 1538 1272 to-

259 1307 309 1344 to
332 1298 418 1345 affe
440 1301 483 1347 se
502 1300 617 1363 pasci
637 1316 648 1346 :
675 1300 984 1347 Metrodorum
1004 1334 1018 1358 ‚
1041 1299 1118 1363 qui
1145 1297 1343 1351 nondum
1367 1309 1537 1345 tantum

262 1372 519 1433 profecerit,
545 1384 660 1420 toto.
684 1375 732 1419 In
746 1373 834 1420 hoc
857 1388 905 1419 tu
918 1373 1043 1419 victu
1061 1371 1324 1418 saturitatem
1345 1387 1435 1418 non
1452 1388 1536 1432 pu-

262 1457 325 1491 tas
342 1444 427 1490 effe
444 1444 462 1491 ?
480 1446 534 1490 Et
549 1444 752 1506 voluptas
765 1444 838 1490 est.
854 1444 1068 1506 Voluptas
1082 1459 1226 1491 autem
1242 1477 1257 1500 ,
1276 1461 1368 1490 non
1388 1445 1458 1490 illa
1477 1444 1539 1490 le-

260 1517 328 1565 vis
353 1528 397 1564 et
426 1515 584 1578 fugax,
614 1529 658 1563 et
685 1516 866 1563 subinde
896 1515 1161 1573 reficienda,
1195 1517 1268 1564 sed
1304 1516 1464 1564 stabilis
1496 1530 1539 1565 et

261 1601 394 1637 certa.
436 1589 543 1635 Non
577 1587 694 1636 enim
722 1589 916 1636 iucunda
941 1606 1009 1638 res
1036 1589 1097 1636 est
1127 1607 1242 1654 aqua
1264 1601 1307 1638 et
1332 1589 1506 1654 polenta
1523 1616 1606 1659 ‘N

262 1675 337 1711 aut
363 1661 548 1719 frustum
582 1662 816 1710 hordeacei
844 1662 965 1727 panis
992 1680 1004 1709 :
1031 1663 1103 1709 sed
1138 1663 1304 1711 summa
1335 1663 1540 1727 voluptas

264 1734 325 1781 est
341 1770 354 1793 ,
378 1733 500 1797 pofl‘e
522 1749 676 1796 capere
705 1733 835 1782 etiam
863 1751 917 1780 ex
945 1734 1011 1781 his
1027 1733 1302 1799 voluptatem
1322 1771 1335 1793 ,
1360 1748 1403 1782 et
1422 1736 1475 1782 ad
1493 1734 1540 1782 id

263 1811 306 1859 se
336 1807 582 1867 reduxisse,
613 1809 738 1872 quod
765 1809 935 1872 eripere
961 1808 1075 1855 nulla
1107 1808 1309 1856 fortunae
1335 1809 1542 1873 iniquitas

268 1883 414 1948 possit.
455 1882 722 1929 Liberaliora
748 1881 843 1928 sunt
869 1881 1072 1928 alimenta
1101 1882 1312 1929 carceris:
1332 1881 1542 1944 sepositos

265 1956 323 2004 ad
342 1954 529 2018 capitale·
540 1953 829 2017 supplicium,
856 1969 949 1999 non
977 1966 1066 1999 tarn
1084 1953 1287 2018 anguste,
1312 1954 1389 2017 qui
1414 1953 1542 2000 occi·-

266 2025 391 2073 surus
412 2023 502 2080 est,
531 2024 677 2087 pascit.
713 2025 890 2087 Quanta
919 2022 980 2070 est
1007 2024 1142 2070 animi
1171 2025 1458 2088 magnitudo,
1487 2024 1544 2072 ad

265 2098 314 2147 id
331 2097 403 2145 sua
425 2095 578 2161 sponte
597 2096 857 2145 descendere
871 2132 885 2154 ,
915 2097 1037 2160 quod
1055 2113 1138 2144 nec
1155 2097 1211 2144 ad
1235 2108 1431 2144 extrema
1449 2096 1544 2160 qui-

269 2172 369 2219 dem
387 2169 570 2219 redactis
589 2169 834 2218 timendum
850 2169 899 2216 fit
917 2169 936 2217 ἓ
957 2169 1046 2217 hoc
1062 2168 1123 2217 est
1140 2185 1465 2232 praeoccupare
1481 2180 1546 2215 te-

267 2244 309 2292 la
344 2243 558 2292 fortunae.
594 2243 742 2306 Incipe
773 2259 910 2307 ergo,
937 2243 998 2290 mi
1034 2242 1202 2302 Lucili,
1233 2242 1353 2306 sequi
1385 2242 1547 2289 horum

189 2384 194 2390 ·
269 2318 658 2376 consuetudinem,
688 2330 733 2364 et
757 2316 927 2381 aliquos
957 2316 1048 2364 dies
1075 2316 1266 2375 destina,
1297 2316 1456 2380 quibus
1478 2316 1548 2367 se-⁴

269 2385 400 2439 {edas
425 2408 449 2437 a
476 2391 559 2438 tuis
586 2392 740 2449 rebus,
768 2390 1044 2453 minimoque
1073 2404 1116 2437 te
1130 2388 1259 2437 facias
1275 2389 1547 2439 familiarem³

270 2463 419 2528 Incipe
440 2480 541 2514 cum
561 2477 816 2529 paupertate
838 2463 998 2512 habere
1020 2460 1355 2513 commercium.

1183 2536 1330 2617 Dr
