<?xml version="1.0" encoding="UTF-8"?>
<!DOCTYPE html PUBLIC "-//W3C//DTD XHTML 1.0 Transitional//EN"
    "http://www.w3.org/TR/xhtml1/DTD/xhtml1-transitional.dtd">
<html xmlns="http://www.w3.org/1999/xhtml" xml:lang="en" lang="en">
 <head>
  <title>
</title>
<meta http-equiv="Content-Type" content="text/html;charset=utf-8" />
  <meta name='ocr-system' content='tesseract 3.04.00' />
  <meta name='ocr-capabilities' content='ocr_page ocr_carea ocr_par ocr_line ocrx_word'/>
</head>
<body>
  <div class='ocr_page' id='page_1' title='image "./lannaeisenecaeph03seneuoft_0169.png"; bbox 0 0 1807 3004; ppageno 0'>
   <div class='ocr_carea' id='block_1_1' title="bbox 3 1735 5 2306">
    <p class='ocr_par' dir='ltr' id='par_1_1' title="bbox 3 1735 5 2306">
     <span class='ocr_line' id='line_1_1' title="bbox 3 1735 5 2306; baseline 0 0"><span class='ocrx_word' id='word_1_1' title='bbox 3 1735 5 2306; x_wconf 95' lang='lat' dir='ltr'> </span> 
     </span>
    </p>
   </div>
   <div class='ocr_carea' id='block_1_2' title="bbox 3 1735 5 2306">
    <p class='ocr_par' dir='ltr' id='par_1_2' title="bbox 3 1735 5 2306">
     <span class='ocr_line' id='line_1_2' title="bbox 3 1735 5 2306; baseline 0 0"><span class='ocrx_word' id='word_1_2' title='bbox 3 1735 5 2306; x_wconf 95' lang='lat' dir='ltr'> </span> 
     </span>
    </p>
   </div>
   <div class='ocr_carea' id='block_1_3' title="bbox 3 1735 5 2306">
    <p class='ocr_par' dir='ltr' id='par_1_3' title="bbox 3 1735 5 2306">
     <span class='ocr_line' id='line_1_3' title="bbox 3 1735 5 2306; baseline 0 0"><span class='ocrx_word' id='word_1_3' title='bbox 3 1735 5 2306; x_wconf 95' lang='lat' dir='ltr'> </span> 
     </span>
    </p>
   </div>
   <div class='ocr_carea' id='block_1_4' title="bbox 0 1735 8 2511">
    <p class='ocr_par' dir='ltr' id='par_1_4' title="bbox 0 1735 8 2511">
     <span class='ocr_line' id='line_1_4' title="bbox 0 1735 8 2511; baseline 0 0"><span class='ocrx_word' id='word_1_4' title='bbox 0 1735 8 2511; x_wconf 95' lang='lat' dir='ltr'> </span> 
     </span>
    </p>
   </div>
   <div class='ocr_carea' id='block_1_5' title="bbox 551 196 1473 246">
    <p class='ocr_par' dir='ltr' id='par_1_5' title="bbox 551 196 1473 246">
     <span class='ocr_line' id='line_1_5' title="bbox 551 196 1473 246; baseline 0.003 -4"><span class='ocrx_word' id='word_1_5' title='bbox 551 196 1126 243; x_wconf 70' lang='lat' dir='ltr'>EPISTOLAE.</span> <span class='ocrx_word' id='word_1_6' title='bbox 1389 199 1473 246; x_wconf 82' lang='lat'>161</span> 
     </span>
    </p>
   </div>
   <div class='ocr_carea' id='block_1_6' title="bbox 491 337 1192 385">
    <p class='ocr_par' dir='ltr' id='par_1_6' title="bbox 491 337 1192 385">
     <span class='ocr_line' id='line_1_6' title="bbox 491 337 1192 385; baseline 0.003 -3"><span class='ocrx_word' id='word_1_7' title='bbox 491 338 963 384; x_wconf 82' lang='lat' dir='ltr'>EPISTOLA</span> <span class='ocrx_word' id='word_1_8' title='bbox 1046 337 1192 385; x_wconf 83' lang='lat' dir='ltr'>LV1.</span> 
     </span>
    </p>
   </div>
   <div class='ocr_carea' id='block_1_7' title="bbox 203 480 1487 762">
    <p class='ocr_par' dir='ltr' id='par_1_7' title="bbox 203 480 1487 762">
     <span class='ocr_line' id='line_1_7' title="bbox 203 480 1484 547; baseline 0.001 -19"><span class='ocrx_word' id='word_1_9' title='bbox 203 483 383 533; x_wconf 81' lang='lat' dir='ltr'><em>Mentem</em></span> <span class='ocrx_word' id='word_1_10' title='bbox 408 481 666 545; x_wconf 79' lang='lat' dir='ltr'>compofitam</span> <span class='ocrx_word' id='word_1_11' title='bbox 685 517 698 539; x_wconf 89' lang='lat'>‚</span> <span class='ocrx_word' id='word_1_12' title='bbox 732 500 876 528; x_wconf 77' lang='lat' dir='ltr'>vacare</span> <span class='ocrx_word' id='word_1_13' title='bbox 899 481 980 545; x_wconf 76' lang='lat' dir='ltr'>fibi</span> <span class='ocrx_word' id='word_1_14' title='bbox 1019 480 1061 527; x_wconf 63' lang='grc' dir='ltr'>δ’</span> <span class='ocrx_word' id='word_1_15' title='bbox 1078 484 1258 547; x_wconf 73' lang='lat' dir='ltr'>studiis,</span> <span class='ocrx_word' id='word_1_16' title='bbox 1285 483 1405 529; x_wconf 79' lang='lat' dir='ltr'>etiam</span> <span class='ocrx_word' id='word_1_17' title='bbox 1437 485 1484 530; x_wconf 60' lang='grc' dir='ltr'>ἰπὶ</span> 
     </span>
     <span class='ocr_line' id='line_1_8' title="bbox 269 557 1487 616; baseline 0.002 -16"><span class='ocrx_word' id='word_1_18' title='bbox 269 557 400 601; x_wconf 80' lang='lat' dir='ltr'>turba.</span> <span class='ocrx_word' id='word_1_19' title='bbox 429 559 516 600; x_wconf 76' lang='lat' dir='ltr'>Suo</span> <span class='ocrx_word' id='word_1_20' title='bbox 548 558 732 614; x_wconf 68' lang='lat' dir='ltr'>exemplo</span> <span class='ocrx_word' id='word_1_21' title='bbox 762 558 888 601; x_wconf 76' lang='lat' dir='ltr'>docet.</span> <span class='ocrx_word' id='word_1_22' title='bbox 921 557 1066 616; x_wconf 78' lang='lat' dir='ltr'>Magis</span> <span class='ocrx_word' id='word_1_23' title='bbox 1098 559 1325 616; x_wconf 74' lang='lat' dir='ltr'>optandum</span> <span class='ocrx_word' id='word_1_24' title='bbox 1360 558 1487 602; x_wconf 80' lang='lat' dir='ltr'>inter-</span> 
     </span>
     <span class='ocr_line' id='line_1_9' title="bbox 266 623 1486 689; baseline 0.003 -18"><span class='ocrx_word' id='word_1_25' title='bbox 266 645 366 671; x_wconf 85' lang='lat' dir='ltr'>num</span> <span class='ocrx_word' id='word_1_26' title='bbox 383 625 600 689; x_wconf 74' lang='lat' dir='ltr'>silentium</span> <span class='ocrx_word' id='word_1_27' title='bbox 622 662 635 683; x_wconf 89' lang='lat'>,</span> <span class='ocrx_word' id='word_1_28' title='bbox 663 623 705 670; x_wconf 62' lang='grc' dir='ltr'>δ’</span> <span class='ocrx_word' id='word_1_29' title='bbox 719 645 875 686; x_wconf 77' lang='lat' dir='ltr'>pacem.</span> <span class='ocrx_word' id='word_1_30' title='bbox 908 628 1065 672; x_wconf 70' lang='lat' dir='ltr'>laertia</span> <span class='ocrx_word' id='word_1_31' title='bbox 1083 645 1234 688; x_wconf 81' lang='lat' dir='ltr'>porro,</span> <span class='ocrx_word' id='word_1_32' title='bbox 1256 632 1370 674; x_wconf 80' lang='lat' dir='ltr'>mala</span> <span class='ocrx_word' id='word_1_33' title='bbox 1386 663 1401 687; x_wconf 85' lang='lat'>‚</span> <span class='ocrx_word' id='word_1_34' title='bbox 1443 625 1486 675; x_wconf 68' lang='grc' dir='ltr'>ὅ·</span> 
     </span>
     <span class='ocr_line' id='line_1_10' title="bbox 264 703 750 762; baseline 0.004 -17"><span class='ocrx_word' id='word_1_35' title='bbox 264 718 312 745; x_wconf 84' lang='lat' dir='ltr'>ea</span> <span class='ocrx_word' id='word_1_36' title='bbox 340 703 579 762; x_wconf 78' lang='lat' dir='ltr'><em>cupidinum</em></span> <span class='ocrx_word' id='word_1_37' title='bbox 611 718 750 747; x_wconf 75' lang='lat' dir='ltr'>mater.</span> 
     </span>
    </p>
   </div>
   <div class='ocr_carea' id='block_1_8' title="bbox 202 806 1493 2473">
    <p class='ocr_par' dir='ltr' id='par_1_8' title="bbox 202 806 1493 2473">
     <span class='ocr_line' id='line_1_11' title="bbox 203 806 1491 937; baseline 0.005 -20"><span class='ocrx_word' id='word_1_38' title='bbox 203 806 513 928; x_wconf 80' lang='lat' dir='ltr'>PEREAM‚</span> <span class='ocrx_word' id='word_1_39' title='bbox 543 869 574 916; x_wconf 88' lang='lat' dir='ltr'>fi</span> <span class='ocrx_word' id='word_1_40' title='bbox 595 870 654 917; x_wconf 86' lang='lat' dir='ltr'>est</span> <span class='ocrx_word' id='word_1_41' title='bbox 675 883 761 918; x_wconf 83' lang='lat' dir='ltr'>tam</span> <span class='ocrx_word' id='word_1_42' title='bbox 784 871 1091 933; x_wconf 68' lang='lat' dir='ltr'>necessarium,</span> <span class='ocrx_word' id='word_1_43' title='bbox 1122 879 1253 937; x_wconf 80' lang='lat' dir='ltr'>quam</span> <span class='ocrx_word' id='word_1_44' title='bbox 1283 873 1491 936; x_wconf 50' lang='lat' dir='ltr'>videtum</span> 
     </span>
     <span class='ocr_line' id='line_1_12' title="bbox 202 945 1490 1009; baseline 0.002 -15"><span class='ocrx_word' id='word_1_45' title='bbox 202 947 417 995; x_wconf 74' lang='lat' dir='ltr'>silentium</span> <span class='ocrx_word' id='word_1_46' title='bbox 438 946 483 991; x_wconf 92' lang='lat' dir='ltr'>in</span> <span class='ocrx_word' id='word_1_47' title='bbox 509 945 644 992; x_wconf 82' lang='lat' dir='ltr'>studia</span> <span class='ocrx_word' id='word_1_48' title='bbox 669 945 872 1009; x_wconf 85' lang='lat' dir='ltr'>sepofito.</span> <span class='ocrx_word' id='word_1_49' title='bbox 904 949 1017 995; x_wconf 77' lang='lat' dir='ltr'>Ecce</span> <span class='ocrx_word' id='word_1_50' title='bbox 1044 948 1192 995; x_wconf 87' lang='lat' dir='ltr'>varius</span> <span class='ocrx_word' id='word_1_51' title='bbox 1215 949 1383 996; x_wconf 90' lang='lat' dir='ltr'>clamor</span> <span class='ocrx_word' id='word_1_52' title='bbox 1403 967 1490 996; x_wconf 87' lang='lat' dir='ltr'>un-</span> 
     </span>
     <span class='ocr_line' id='line_1_13' title="bbox 204 1017 1491 1082; baseline 0.002 -17"><span class='ocrx_word' id='word_1_53' title='bbox 204 1019 337 1082; x_wconf 85' lang='lat' dir='ltr'>dique</span> <span class='ocrx_word' id='word_1_54' title='bbox 362 1035 432 1064; x_wconf 87' lang='lat' dir='ltr'>me</span> <span class='ocrx_word' id='word_1_55' title='bbox 453 1017 773 1066; x_wconf 85' lang='lat' dir='ltr'>circumsonat:</span> <span class='ocrx_word' id='word_1_56' title='bbox 793 1018 920 1081; x_wconf 89' lang='lat' dir='ltr'>supra</span> <span class='ocrx_word' id='word_1_57' title='bbox 940 1019 1077 1081; x_wconf 86' lang='lat' dir='ltr'>ipsum</span> <span class='ocrx_word' id='word_1_58' title='bbox 1103 1020 1303 1067; x_wconf 86' lang='lat' dir='ltr'>balneum</span> <span class='ocrx_word' id='word_1_59' title='bbox 1324 1021 1491 1068; x_wconf 72' lang='lat' dir='ltr'>habito,</span> 
     </span>
     <span class='ocr_line' id='line_1_14' title="bbox 205 1085 1491 1157; baseline 0.002 -19"><span class='ocrx_word' id='word_1_60' title='bbox 205 1094 413 1155; x_wconf 87' lang='lat' dir='ltr'>Propone</span> <span class='ocrx_word' id='word_1_61' title='bbox 449 1085 673 1138; x_wconf 29' lang='lat' dir='ltr'>nunc—tibi</span> <span class='ocrx_word' id='word_1_62' title='bbox 702 1091 852 1137; x_wconf 85' lang='lat' dir='ltr'>omnia</span> <span class='ocrx_word' id='word_1_63' title='bbox 881 1107 1037 1154; x_wconf 85' lang='lat' dir='ltr'>genera</span> <span class='ocrx_word' id='word_1_64' title='bbox 1076 1110 1238 1141; x_wconf 86' lang='lat' dir='ltr'>vocum</span> <span class='ocrx_word' id='word_1_65' title='bbox 1256 1129 1269 1150; x_wconf 91' lang='lat'>‚</span> <span class='ocrx_word' id='word_1_66' title='bbox 1309 1112 1418 1157; x_wconf 87' lang='lat' dir='ltr'>quae</span> <span class='ocrx_word' id='word_1_67' title='bbox 1443 1096 1491 1141; x_wconf 85' lang='lat' dir='ltr'>in</span> 
     </span>
     <span class='ocr_line' id='line_1_15' title="bbox 204 1162 1493 1227; baseline 0 -15"><span class='ocrx_word' id='word_1_68' title='bbox 204 1164 357 1212; x_wconf 89' lang='lat' dir='ltr'>odium</span> <span class='ocrx_word' id='word_1_69' title='bbox 381 1162 560 1227; x_wconf 84' lang='lat' dir='ltr'>poffunt</span> <span class='ocrx_word' id='word_1_70' title='bbox 583 1177 705 1208; x_wconf 87' lang='lat' dir='ltr'>aures</span> <span class='ocrx_word' id='word_1_71' title='bbox 728 1162 944 1210; x_wconf 79' lang='lat' dir='ltr'>adducere</span> <span class='ocrx_word' id='word_1_72' title='bbox 964 1180 974 1208; x_wconf 76' lang='lat' dir='ltr'>t</span> <span class='ocrx_word' id='word_1_73' title='bbox 999 1179 1097 1211; x_wconf 90' lang='lat' dir='ltr'>cum</span> <span class='ocrx_word' id='word_1_74' title='bbox 1132 1163 1338 1211; x_wconf 87' lang='lat' dir='ltr'>fortiores</span> <span class='ocrx_word' id='word_1_75' title='bbox 1363 1183 1493 1212; x_wconf 88' lang='lat' dir='ltr'>exer-</span> 
     </span>
     <span class='ocr_line' id='line_1_16' title="bbox 203 1236 1490 1301; baseline 0.002 -17"><span class='ocrx_word' id='word_1_76' title='bbox 203 1251 385 1295; x_wconf 86' lang='lat' dir='ltr'><strong>centur,</strong></span> <span class='ocrx_word' id='word_1_77' title='bbox 415 1252 459 1284; x_wconf 91' lang='lat' dir='ltr'>et</span> <span class='ocrx_word' id='word_1_78' title='bbox 489 1253 642 1283; x_wconf 89' lang='lat' dir='ltr'>manus</span> <span class='ocrx_word' id='word_1_79' title='bbox 667 1236 852 1299; x_wconf 89' lang='lat' dir='ltr'>plumbo</span> <span class='ocrx_word' id='word_1_80' title='bbox 877 1253 1031 1301; x_wconf 84' lang='lat' dir='ltr'>graves</span> <span class='ocrx_word' id='word_1_81' title='bbox 1061 1237 1249 1297; x_wconf 58' lang='lat' dir='ltr'>iactant,</span> <span class='ocrx_word' id='word_1_82' title='bbox 1286 1255 1384 1285; x_wconf 88' lang='lat' dir='ltr'>cum</span> <span class='ocrx_word' id='word_1_83' title='bbox 1416 1252 1490 1288; x_wconf 87' lang='lat' dir='ltr'>aut</span> 
     </span>
     <span class='ocr_line' id='line_1_17' title="bbox 202 1309 1491 1374; baseline 0.003 -17"><span class='ocrx_word' id='word_1_84' title='bbox 202 1310 429 1366; x_wconf 87' lang='lat' dir='ltr'>laborant,</span> <span class='ocrx_word' id='word_1_85' title='bbox 457 1321 532 1356; x_wconf 89' lang='lat' dir='ltr'>aut</span> <span class='ocrx_word' id='word_1_86' title='bbox 549 1309 822 1357; x_wconf 80' lang='lat' dir='ltr'>laborantem</span> <span class='ocrx_word' id='word_1_87' title='bbox 843 1311 1090 1369; x_wconf 82' lang='lat' dir='ltr'>imitantur,</span> <span class='ocrx_word' id='word_1_88' title='bbox 1122 1311 1308 1374; x_wconf 84' lang='lat' dir='ltr'>gemitus</span> <span class='ocrx_word' id='word_1_89' title='bbox 1326 1314 1461 1360; x_wconf 87' lang='lat' dir='ltr'>audio</span> <span class='ocrx_word' id='word_1_90' title='bbox 1476 1331 1491 1361; x_wconf 89' lang='lat'>:</span> 
     </span>
     <span class='ocr_line' id='line_1_18' title="bbox 203 1384 1490 1448; baseline 0.002 -15"><span class='ocrx_word' id='word_1_91' title='bbox 203 1385 380 1448; x_wconf 87' lang='lat' dir='ltr'>quoties</span> <span class='ocrx_word' id='word_1_92' title='bbox 414 1396 630 1432; x_wconf 86' lang='lat' dir='ltr'>retentum</span> <span class='ocrx_word' id='word_1_93' title='bbox 666 1384 864 1447; x_wconf 88' lang='lat' dir='ltr'>spiritum</span> <span class='ocrx_word' id='word_1_94' title='bbox 903 1385 1160 1432; x_wconf 86' lang='lat' dir='ltr'>remiserunt</span> <span class='ocrx_word' id='word_1_95' title='bbox 1180 1420 1195 1444; x_wconf 85' lang='lat'>‚</span> <span class='ocrx_word' id='word_1_96' title='bbox 1238 1385 1411 1446; x_wconf 67' lang='lat' dir='ltr'>sibilos,</span> <span class='ocrx_word' id='word_1_97' title='bbox 1445 1404 1490 1438; x_wconf 85' lang='lat' dir='ltr'>et</span> 
     </span>
     <span class='ocr_line' id='line_1_19' title="bbox 203 1456 1490 1521; baseline 0.001 -16"><span class='ocrx_word' id='word_1_98' title='bbox 203 1456 494 1506; x_wconf 87' lang='lat' dir='ltr'>acerbiffimas</span> <span class='ocrx_word' id='word_1_99' title='bbox 517 1456 848 1519; x_wconf 82' lang='lat' dir='ltr'>respirationes:</span> <span class='ocrx_word' id='word_1_100' title='bbox 881 1474 984 1506; x_wconf 91' lang='lat' dir='ltr'>cum</span> <span class='ocrx_word' id='word_1_101' title='bbox 1016 1457 1060 1503; x_wconf 89' lang='lat' dir='ltr'>in</span> <span class='ocrx_word' id='word_1_102' title='bbox 1091 1458 1250 1521; x_wconf 83' lang='lat' dir='ltr'>alipten</span> <span class='ocrx_word' id='word_1_103' title='bbox 1280 1458 1490 1517; x_wconf 84' lang='lat' dir='ltr'>inertem,</span> 
     </span>
     <span class='ocr_line' id='line_1_20' title="bbox 203 1528 1490 1593; baseline 0.002 -15"><span class='ocrx_word' id='word_1_104' title='bbox 203 1543 248 1578; x_wconf 88' lang='lat' dir='ltr'>et</span> <span class='ocrx_word' id='word_1_105' title='bbox 264 1531 343 1577; x_wconf 84' lang='lat' dir='ltr'>hac</span> <span class='ocrx_word' id='word_1_106' title='bbox 362 1529 529 1593; x_wconf 88' lang='lat' dir='ltr'>plebeia</span> <span class='ocrx_word' id='word_1_107' title='bbox 547 1528 753 1577; x_wconf 64' lang='lat' dir='ltr'>unctione</span> <span class='ocrx_word' id='word_1_108' title='bbox 774 1543 1033 1577; x_wconf 90' lang='lat' dir='ltr'>contentum</span> <span class='ocrx_word' id='word_1_109' title='bbox 1058 1530 1217 1590; x_wconf 87' lang='lat' dir='ltr'>incidi,</span> <span class='ocrx_word' id='word_1_110' title='bbox 1242 1531 1374 1579; x_wconf 87' lang='lat' dir='ltr'>audio</span> <span class='ocrx_word' id='word_1_111' title='bbox 1393 1549 1490 1580; x_wconf 86' lang='lat' dir='ltr'>cre·-</span> 
     </span>
     <span class='ocr_line' id='line_1_21' title="bbox 204 1594 1487 1670; baseline 0.004 -21"><span class='ocrx_word' id='word_1_112' title='bbox 204 1603 345 1667; x_wconf 90' lang='lat' dir='ltr'>pitum</span> <span class='ocrx_word' id='word_1_113' title='bbox 373 1603 502 1650; x_wconf 79' lang='lat' dir='ltr'>illisae</span> <span class='ocrx_word' id='word_1_114' title='bbox 526 1619 680 1648; x_wconf 88' lang='lat' dir='ltr'>manus</span> <span class='ocrx_word' id='word_1_115' title='bbox 697 1594 916 1650; x_wconf 87' lang='lat' dir='ltr'>humeris:</span> <span class='ocrx_word' id='word_1_116' title='bbox 938 1619 1049 1666; x_wconf 83' lang='lat' dir='ltr'>quae</span> <span class='ocrx_word' id='word_1_117' title='bbox 1070 1618 1205 1666; x_wconf 78' lang='lat' dir='ltr'>prout</span> <span class='ocrx_word' id='word_1_118' title='bbox 1226 1605 1353 1668; x_wconf 88' lang='lat' dir='ltr'>plana</span> <span class='ocrx_word' id='word_1_119' title='bbox 1381 1624 1487 1670; x_wconf 87' lang='lat' dir='ltr'>per·</span> 
     </span>
     <span class='ocr_line' id='line_1_22' title="bbox 206 1675 1488 1742; baseline 0.002 -17"><span class='ocrx_word' id='word_1_120' title='bbox 206 1677 351 1735; x_wconf 87' lang='lat' dir='ltr'>venit,</span> <span class='ocrx_word' id='word_1_121' title='bbox 371 1688 443 1723; x_wconf 87' lang='lat' dir='ltr'>aut</span> <span class='ocrx_word' id='word_1_122' title='bbox 465 1692 678 1734; x_wconf 91' lang='lat' dir='ltr'>concava,</span> <span class='ocrx_word' id='word_1_123' title='bbox 697 1675 756 1722; x_wconf 88' lang='lat' dir='ltr'>ita</span> <span class='ocrx_word' id='word_1_124' title='bbox 774 1675 929 1722; x_wconf 86' lang='lat' dir='ltr'>sonum</span> <span class='ocrx_word' id='word_1_125' title='bbox 948 1688 1098 1724; x_wconf 85' lang='lat' dir='ltr'>mutat.</span> <span class='ocrx_word' id='word_1_126' title='bbox 1115 1678 1159 1724; x_wconf 84' lang='lat' dir='ltr'>Si</span> <span class='ocrx_word' id='word_1_127' title='bbox 1180 1694 1290 1726; x_wconf 80' lang='lat' dir='ltr'>vero</span> <span class='ocrx_word' id='word_1_128' title='bbox 1310 1680 1488 1742; x_wconf 85' lang='lat' dir='ltr'>pilicre-</span> 
     </span>
     <span class='ocr_line' id='line_1_23' title="bbox 205 1743 1487 1814; baseline 0.004 -17"><span class='ocrx_word' id='word_1_129' title='bbox 205 1766 286 1814; x_wconf 83' lang='lat' dir='ltr'>pus</span> <span class='ocrx_word' id='word_1_130' title='bbox 311 1749 610 1813; x_wconf 81' lang='lat' dir='ltr'>supervenerit</span> <span class='ocrx_word' id='word_1_131' title='bbox 625 1784 639 1805; x_wconf 93' lang='lat'>,</span> <span class='ocrx_word' id='word_1_132' title='bbox 661 1762 705 1795; x_wconf 93' lang='lat' dir='ltr'>et</span> <span class='ocrx_word' id='word_1_133' title='bbox 723 1743 950 1797; x_wconf 86' lang='lat' dir='ltr'>numerare</span> <span class='ocrx_word' id='word_1_134' title='bbox 968 1751 1163 1813; x_wconf 86' lang='lat' dir='ltr'>coeperit</span> <span class='ocrx_word' id='word_1_135' title='bbox 1186 1751 1314 1813; x_wconf 83' lang='lat' dir='ltr'>pilas,</span> <span class='ocrx_word' id='word_1_136' title='bbox 1341 1755 1487 1803; x_wconf 63' lang='lat' dir='ltr'>actum</span> 
     </span>
     <span class='ocr_line' id='line_1_24' title="bbox 203 1820 1488 1887; baseline 0.003 -17"><span class='ocrx_word' id='word_1_137' title='bbox 203 1822 281 1871; x_wconf 91' lang='lat' dir='ltr'>est.</span> <span class='ocrx_word' id='word_1_138' title='bbox 307 1823 460 1870; x_wconf 85' lang='lat' dir='ltr'>Adiice</span> <span class='ocrx_word' id='word_1_139' title='bbox 485 1838 604 1868; x_wconf 91' lang='lat' dir='ltr'>nunc</span> <span class='ocrx_word' id='word_1_140' title='bbox 625 1820 870 1868; x_wconf 81' lang='lat' dir='ltr'>scordalum</span> <span class='ocrx_word' id='word_1_141' title='bbox 887 1856 900 1880; x_wconf 90' lang='lat'>,</span> <span class='ocrx_word' id='word_1_142' title='bbox 925 1835 967 1868; x_wconf 88' lang='lat' dir='ltr'>et</span> <span class='ocrx_word' id='word_1_143' title='bbox 984 1821 1126 1869; x_wconf 85' lang='lat' dir='ltr'>furem</span> <span class='ocrx_word' id='word_1_144' title='bbox 1145 1824 1488 1887; x_wconf 81' lang='lat' dir='ltr'>deprehensum,</span> 
     </span>
     <span class='ocr_line' id='line_1_25' title="bbox 204 1893 1491 1956; baseline 0.003 -14"><span class='ocrx_word' id='word_1_145' title='bbox 204 1909 249 1944; x_wconf 89' lang='lat' dir='ltr'>et</span> <span class='ocrx_word' id='word_1_146' title='bbox 275 1896 396 1942; x_wconf 86' lang='lat' dir='ltr'>illum</span> <span class='ocrx_word' id='word_1_147' title='bbox 427 1893 499 1940; x_wconf 91' lang='lat' dir='ltr'>cui</span> <span class='ocrx_word' id='word_1_148' title='bbox 525 1909 619 1952; x_wconf 82' lang='lat' dir='ltr'>vox</span> <span class='ocrx_word' id='word_1_149' title='bbox 641 1893 713 1940; x_wconf 87' lang='lat' dir='ltr'>sua</span> <span class='ocrx_word' id='word_1_150' title='bbox 742 1893 786 1939; x_wconf 90' lang='lat' dir='ltr'>in</span> <span class='ocrx_word' id='word_1_151' title='bbox 814 1893 973 1939; x_wconf 87' lang='lat' dir='ltr'>balneo</span> <span class='ocrx_word' id='word_1_152' title='bbox 1001 1894 1154 1956; x_wconf 81' lang='lat' dir='ltr'>placet.</span> <span class='ocrx_word' id='word_1_153' title='bbox 1188 1896 1342 1944; x_wconf 78' lang='lat' dir='ltr'>Adiice</span> <span class='ocrx_word' id='word_1_154' title='bbox 1373 1916 1491 1950; x_wconf 82' lang='lat' dir='ltr'>nunc</span> 
     </span>
     <span class='ocr_line' id='line_1_26' title="bbox 207 1966 1491 2037; baseline 0.005 -21"><span class='ocrx_word' id='word_1_155' title='bbox 207 1987 319 2027; x_wconf 86' lang='lat' dir='ltr'>eos,</span> <span class='ocrx_word' id='word_1_156' title='bbox 352 1968 428 2032; x_wconf 86' lang='lat' dir='ltr'>qui</span> <span class='ocrx_word' id='word_1_157' title='bbox 454 1968 501 2014; x_wconf 89' lang='lat' dir='ltr'>in</span> <span class='ocrx_word' id='word_1_158' title='bbox 534 1967 744 2030; x_wconf 85' lang='lat' dir='ltr'>piscinam</span> <span class='ocrx_word' id='word_1_159' title='bbox 780 1966 883 2014; x_wconf 81' lang='lat' dir='ltr'>cum</span> <span class='ocrx_word' id='word_1_160' title='bbox 918 1968 1083 2032; x_wconf 83' lang='lat' dir='ltr'>ingenti</span> <span class='ocrx_word' id='word_1_161' title='bbox 1117 1970 1323 2032; x_wconf 75' lang='lat' dir='ltr'>impulsae</span> <span class='ocrx_word' id='word_1_162' title='bbox 1351 1989 1491 2037; x_wconf 83' lang='lat' dir='ltr'>aquae</span> 
     </span>
     <span class='ocr_line' id='line_1_27' title="bbox 207 2038 1490 2106; baseline 0.004 -18"><span class='ocrx_word' id='word_1_163' title='bbox 207 2042 319 2088; x_wconf 93' lang='lat' dir='ltr'>sono</span> <span class='ocrx_word' id='word_1_164' title='bbox 350 2040 515 2086; x_wconf 86' lang='lat' dir='ltr'>saliunt.</span> <span class='ocrx_word' id='word_1_165' title='bbox 556 2041 729 2085; x_wconf 83' lang='lat' dir='ltr'>Praeter</span> <span class='ocrx_word' id='word_1_166' title='bbox 757 2038 860 2087; x_wconf 89' lang='lat' dir='ltr'>istos</span> <span class='ocrx_word' id='word_1_167' title='bbox 877 2074 891 2098; x_wconf 90' lang='lat'>‚</span> <span class='ocrx_word' id='word_1_168' title='bbox 925 2056 1116 2104; x_wconf 86' lang='lat' dir='ltr'>quorum</span> <span class='ocrx_word' id='word_1_169' title='bbox 1147 2042 1178 2087; x_wconf 87' lang='lat' dir='ltr'>fi</span> <span class='ocrx_word' id='word_1_170' title='bbox 1205 2041 1310 2089; x_wconf 82' lang='lat' dir='ltr'>nihil</span> <span class='ocrx_word' id='word_1_171' title='bbox 1337 2045 1454 2093; x_wconf 83' lang='lat' dir='ltr'>aliud</span> <span class='ocrx_word' id='word_1_172' title='bbox 1471 2082 1490 2106; x_wconf 86' lang='lat'>‚</span> 
     </span>
     <span class='ocr_line' id='line_1_28' title="bbox 208 2112 1491 2178; baseline 0.005 -15"><span class='ocrx_word' id='word_1_173' title='bbox 208 2117 347 2164; x_wconf 59' lang='lat' dir='ltr'>rectae</span> <span class='ocrx_word' id='word_1_174' title='bbox 364 2131 501 2162; x_wconf 87' lang='lat' dir='ltr'>voces</span> <span class='ocrx_word' id='word_1_175' title='bbox 529 2113 624 2160; x_wconf 86' lang='lat' dir='ltr'>sunt</span> <span class='ocrx_word' id='word_1_176' title='bbox 641 2149 656 2171; x_wconf 88' lang='lat'>‚</span> <span class='ocrx_word' id='word_1_177' title='bbox 675 2112 868 2176; x_wconf 80' lang='lat' dir='ltr'>alipilum</span> <span class='ocrx_word' id='word_1_178' title='bbox 900 2114 1046 2178; x_wconf 86' lang='lat' dir='ltr'>cogita</span> <span class='ocrx_word' id='word_1_179' title='bbox 1075 2128 1249 2163; x_wconf 87' lang='lat' dir='ltr'>tenuem</span> <span class='ocrx_word' id='word_1_180' title='bbox 1269 2130 1312 2165; x_wconf 90' lang='lat' dir='ltr'>et</span> <span class='ocrx_word' id='word_1_181' title='bbox 1329 2117 1491 2169; x_wconf 76' lang='lat' dir='ltr'>stridu-</span> 
     </span>
     <span class='ocr_line' id='line_1_29' title="bbox 208 2187 1492 2255; baseline 0.006 -21"><span class='ocrx_word' id='word_1_182' title='bbox 208 2188 294 2235; x_wconf 87' lang='lat' dir='ltr'>lam</span> <span class='ocrx_word' id='word_1_183' title='bbox 318 2205 480 2235; x_wconf 89' lang='lat' dir='ltr'>vocem</span> <span class='ocrx_word' id='word_1_184' title='bbox 498 2223 512 2246; x_wconf 92' lang='lat'>,</span> <span class='ocrx_word' id='word_1_185' title='bbox 543 2204 634 2251; x_wconf 92' lang='lat' dir='ltr'>quo</span> <span class='ocrx_word' id='word_1_186' title='bbox 660 2187 710 2234; x_wconf 87' lang='lat' dir='ltr'>fit</span> <span class='ocrx_word' id='word_1_187' title='bbox 738 2188 1003 2246; x_wconf 84' lang='lat' dir='ltr'>notabilior,</span> <span class='ocrx_word' id='word_1_188' title='bbox 1030 2190 1210 2240; x_wconf 85' lang='lat' dir='ltr'>subinde</span> <span class='ocrx_word' id='word_1_189' title='bbox 1237 2194 1492 2255; x_wconf 82' lang='lat' dir='ltr'>exprimen-</span> 
     </span>
     <span class='ocr_line' id='line_1_30' title="bbox 209 2261 1491 2326; baseline 0.009 -20"><span class='ocrx_word' id='word_1_190' title='bbox 209 2273 297 2309; x_wconf 86' lang='lat' dir='ltr'>tem</span> <span class='ocrx_word' id='word_1_191' title='bbox 315 2297 329 2319; x_wconf 86' lang='lat'>,</span> <span class='ocrx_word' id='word_1_192' title='bbox 347 2277 428 2308; x_wconf 91' lang='lat' dir='ltr'>nec</span> <span class='ocrx_word' id='word_1_193' title='bbox 447 2277 639 2324; x_wconf 87' lang='lat' dir='ltr'>unquam</span> <span class='ocrx_word' id='word_1_194' title='bbox 665 2273 878 2308; x_wconf 86' lang='lat' dir='ltr'>tacentem</span> <span class='ocrx_word' id='word_1_195' title='bbox 894 2294 908 2319; x_wconf 90' lang='lat'>‚</span> <span class='ocrx_word' id='word_1_196' title='bbox 935 2261 1011 2308; x_wconf 74' lang='lat' dir='ltr'>nisi</span> <span class='ocrx_word' id='word_1_197' title='bbox 1036 2263 1144 2310; x_wconf 89' lang='lat' dir='ltr'>dum</span> <span class='ocrx_word' id='word_1_198' title='bbox 1162 2264 1281 2312; x_wconf 85' lang='lat' dir='ltr'>vellit</span> <span class='ocrx_word' id='word_1_199' title='bbox 1307 2266 1419 2326; x_wconf 86' lang='lat' dir='ltr'>alas,</span> <span class='ocrx_word' id='word_1_200' title='bbox 1446 2280 1491 2318; x_wconf 89' lang='lat' dir='ltr'>et</span> 
     </span>
     <span class='ocr_line' id='line_1_31' title="bbox 209 2334 1490 2399; baseline 0.004 -17"><span class='ocrx_word' id='word_1_201' title='bbox 209 2335 341 2382; x_wconf 86' lang='lat' dir='ltr'>alium</span> <span class='ocrx_word' id='word_1_202' title='bbox 366 2351 449 2397; x_wconf 87' lang='lat' dir='ltr'>pro</span> <span class='ocrx_word' id='word_1_203' title='bbox 467 2334 508 2382; x_wconf 85' lang='lat' dir='ltr'>se</span> <span class='ocrx_word' id='word_1_204' title='bbox 538 2336 720 2382; x_wconf 88' lang='lat' dir='ltr'>clamare</span> <span class='ocrx_word' id='word_1_205' title='bbox 746 2337 881 2399; x_wconf 87' lang='lat' dir='ltr'>cogit.</span> <span class='ocrx_word' id='word_1_206' title='bbox 907 2338 996 2383; x_wconf 87' lang='lat' dir='ltr'>Iam</span> <span class='ocrx_word' id='word_1_207' title='bbox 1015 2337 1156 2384; x_wconf 87' lang='lat' dir='ltr'>libarii</span> <span class='ocrx_word' id='word_1_208' title='bbox 1178 2339 1320 2388; x_wconf 83' lang='lat' dir='ltr'>varias</span> <span class='ocrx_word' id='word_1_209' title='bbox 1340 2342 1490 2393; x_wconf 77' lang='lat' dir='ltr'>excla-</span> 
     </span>
     <span class='ocr_line' id='line_1_32' title="bbox 210 2408 1490 2473; baseline 0.008 -17"><span class='ocrx_word' id='word_1_210' title='bbox 210 2408 453 2469; x_wconf 83' lang='lat' dir='ltr'>mationes,</span> <span class='ocrx_word' id='word_1_211' title='bbox 472 2419 516 2456; x_wconf 94' lang='lat' dir='ltr'>et</span> <span class='ocrx_word' id='word_1_212' title='bbox 532 2408 797 2456; x_wconf 89' lang='lat' dir='ltr'>botularium</span> <span class='ocrx_word' id='word_1_213' title='bbox 812 2444 826 2468; x_wconf 92' lang='lat'>,</span> <span class='ocrx_word' id='word_1_214' title='bbox 854 2424 897 2456; x_wconf 90' lang='lat' dir='ltr'>et</span> <span class='ocrx_word' id='word_1_215' title='bbox 918 2409 1245 2473; x_wconf 82' lang='lat' dir='ltr'>crustularium,</span> <span class='ocrx_word' id='word_1_216' title='bbox 1264 2426 1308 2461; x_wconf 89' lang='lat' dir='ltr'>et</span> <span class='ocrx_word' id='word_1_217' title='bbox 1334 2432 1490 2466; x_wconf 84' lang='lat' dir='ltr'>omnes</span> 
     </span>
    </p>
   </div>
   <div class='ocr_carea' id='block_1_9' title="bbox 210 2482 1492 2613">
    <p class='ocr_par' dir='ltr' id='par_1_9' title="bbox 210 2482 1492 2613">
     <span class='ocr_line' id='line_1_33' title="bbox 210 2482 1492 2556; baseline 0.004 -27"><span class='ocrx_word' id='word_1_218' title='bbox 210 2484 473 2548; x_wconf 81' lang='lat' dir='ltr'>popinarum</span> <span class='ocrx_word' id='word_1_219' title='bbox 493 2482 738 2543; x_wconf 86' lang='lat' dir='ltr'>institores,</span> <span class='ocrx_word' id='word_1_220' title='bbox 765 2501 958 2538; x_wconf 85' lang='lat' dir='ltr'>mercem</span> <span class='ocrx_word' id='word_1_221' title='bbox 980 2487 1053 2539; x_wconf 84' lang='lat' dir='ltr'>sua</span> <span class='ocrx_word' id='word_1_222' title='bbox 1071 2487 1259 2552; x_wconf 83' lang='lat' dir='ltr'>quadam</span> <span class='ocrx_word' id='word_1_223' title='bbox 1288 2500 1332 2541; x_wconf 81' lang='lat' dir='ltr'>et</span> <span class='ocrx_word' id='word_1_224' title='bbox 1360 2489 1492 2556; x_wconf 41' lang='lat' dir='ltr'>infige</span> 
     </span>
     <span class='ocr_line' id='line_1_34' title="bbox 274 2558 1218 2613; baseline 0.001 -6"><span class='ocrx_word' id='word_1_225' title='bbox 274 2558 325 2608; x_wconf 89' lang='lat' dir='ltr'>L.</span> <span class='ocrx_word' id='word_1_226' title='bbox 340 2560 468 2610; x_wconf 73' lang='lat' dir='ltr'>Arm,</span> <span class='ocrx_word' id='word_1_227' title='bbox 485 2560 519 2604; x_wconf 88' lang='lat' dir='ltr'><em>S</em></span> <span class='ocrx_word' id='word_1_228' title='bbox 523 2575 651 2609; x_wconf 66' lang='lat' dir='ltr'>emeca.</span> <span class='ocrx_word' id='word_1_229' title='bbox 674 2560 774 2610; x_wconf 58' lang='lat' dir='ltr'>Vol„</span> <span class='ocrx_word' id='word_1_230' title='bbox 800 2559 891 2613; x_wconf 69' lang='lat' dir='ltr'><em>Ill.</em></span> <span class='ocrx_word' id='word_1_231' title='bbox 1184 2561 1218 2608; x_wconf 80' lang='lat' dir='ltr'>L</span> 
     </span>
    </p>
   </div>
  </div>
 </body>
</html>
