1797 2956
274 175 367 222 300
530 163 578 207 L.
621 161 915 207 ANNAEI
955 162 1298 228 SENECAE

272 267 605 313 veternofiffimi
638 267 780 313 nodos
808 285 818 312 z
847 279 992 313 totum
1016 284 1149 330 genus
1176 265 1285 314 istud
1315 268 1551 316 exturban-

271 339 376 383 dum
407 340 584 395 iudico,
623 357 712 401 quo
740 339 1036 387 circumscribi
1059 341 1099 387 se
1127 340 1201 402 qui
1228 341 1552 406 interrogatur,

269 412 485 458 existimat
497 449 508 468 ‚
522 428 563 460 et
582 414 634 459 ad
653 412 969 460 confeffionem
996 414 1224 473 perductus
1241 414 1355 461 aliud
1372 416 1554 478 respon-

270 486 341 531 det
357 523 367 540 ,
387 487 498 532 aliud
520 502 652 548 putat.
674 491 760 534 Pro
783 488 964 536 veritate
982 486 1217 549 simplicius
1234 490 1450 553 agendum
1466 491 1526 538 est
1540 509 1554 538 z

270 572 422 603 contra
457 574 618 604 metum
643 559 812 605 fortius.
843 560 963 605 Haec
990 558 1077 621 ipsa
1103 576 1213 622 quae
1232 562 1477 608 volvuntur
1500 562 1554 608 ab

268 629 378 687 illis,
407 631 578 678 solvere
614 634 759 679 malim
792 644 835 679 et
863 633 1134 694 expandere,
1162 649 1210 680 ut
1242 634 1518 696 persuadeam
1539 668 1554 691 ‚

269 719 359 748 non
394 720 442 750 ut
476 704 716 767 imponam.
754 709 802 752 ln
839 705 977 751 aciem
1014 705 1242 752 eduilurus
1277 708 1517 754 exercitum
1538 741 1553 764 ‚

267 792 352 836 pro
381 776 644 839 coniugibus
674 794 724 824 ac
754 776 898 823 liberis
928 789 1117 822 mortem
1149 777 1375 823 obiturum
1393 813 1406 831 ,
1435 796 1553 841 quo·-

267 850 406 894 modo
427 849 760 896 exhortabitur?
781 850 861 897 Do
884 847 964 895 tibi
986 849 1165 906 Fabios,
1187 862 1332 896 totum
1353 852 1553 914 Reipub-

265 919 373 966 licae
403 920 562 966 bellum
601 922 645 968 in
672 939 803 968 unam
829 920 1138 968 transferentes
1180 923 1377 970 domum.
1410 928 1553 972 Laco-

265 1011 340 1039 nas
371 993 447 1039 tibi
475 994 690 1051 ostendo,
718 995 759 1041 in
785 995 884 1058 ipfis
913 995 1321 1058 Thermopylarum
1351 999 1554 1059 angustiis

265 1067 431 1128 positos
446 1104 456 1124 ‚
473 1086 551 1115 nec
567 1069 799 1115 viem-iam
820 1069 1061 1130 sperantes,
1079 1086 1159 1116 nec
1178 1070 1382 1116 reditum.
1398 1071 1466 1117 ille
1483 1073 1554 1119 lo-

267 1154 344 1184 cus
372 1139 453 1184 illis
482 1139 725 1201 sepulcrum
755 1141 927 1187 futurus
953 1140 1026 1187 est.
1056 1142 1448 1200 Quemadmodum
1475 1162 1554 1191 ex-

266 1209 477 1265 hortaris,
504 1227 550 1256 ut
582 1213 716 1258 totius
746 1211 883 1275 gentis
909 1212 1108 1268 ruinam,
1143 1212 1322 1258 obieflis
1350 1216 1554 1275 corpori-

264 1283 344 1329 bus
379 1285 637 1347 excipiant,
674 1299 715 1331 et
750 1285 839 1332 vita
880 1284 1026 1346 potius
1056 1301 1187 1347 quam
1215 1285 1318 1330 loco
1353 1286 1552 1333 cedant?

264 1356 429 1415 Dices,
454 1360 594 1418 Quod
623 1359 781 1404 malum
811 1356 898 1414 est,
929 1356 1172 1420 gloriosum
1193 1373 1286 1402 non
1305 1356 1396 1402 est:
1433 1374 1554 1405 mors

264 1431 454 1492 gloriosa
484 1433 574 1478 est:
607 1450 727 1480 mors
761 1449 866 1495 ergo
899 1449 991 1477 non
1023 1431 1218 1477 malum?
1251 1433 1296 1477 O
1329 1432 1552 1479 efficacem

265 1505 558 1552 concionem!
581 1507 693 1566 Quis
722 1505 820 1568 post
843 1506 952 1551 hanc
980 1504 1148 1550 dubitet
1174 1503 1215 1549 se
1238 1503 1402 1551 infestis
1427 1506 1550 1569 inge-

263 1594 360 1623 rere
395 1581 709 1635 mucronibus,
745 1594 788 1625 et
824 1580 935 1625 stans
964 1578 1108 1623 mori?
1144 1581 1200 1623 At
1234 1577 1303 1624 ille
1330 1579 1548 1626 Leonidas

261 1667 392 1698 uuam
415 1652 590 1699 sortiter
608 1654 707 1699 illos
726 1653 941 1698 allocutus
957 1649 1047 1696 est?
1069 1649 1157 1703 Sic,
1172 1649 1333 1711 inquit,
1352 1652 1546 1696 commi-

260 1723 421 1769 litones
450 1726 690 1786 prandete,
724 1739 933 1786 tanquam
966 1722 1083 1783 apud
1116 1721 1280 1768 inferos
1312 1723 1550 1770 coenaturi.

261 1794 367 1839 Non
389 1795 432 1840 in
453 1812 532 1842 ore
559 1796 701 1843 crevit
723 1796 868 1852 cibus,
888 1811 977 1841 non
999 1794 1128 1840 haesit
1146 1794 1190 1839 in
1218 1793 1437 1852 faucibus,
1458 1814 1549 1843 non

259 1865 425 1928 clapsus
444 1867 504 1912 est
527 1867 726 1914 manibus
746 1885 756 1913 :
783 1868 942 1913 alacres
964 1866 1022 1911 illi
1049 1878 1092 1912 et
1118 1866 1172 1912 ad
1193 1867 1418 1927 prandium
1439 1885 1547 1930 pro·

257 1939 502 1998 miserunt,
532 1953 575 1987 et
605 1942 658 1986 ad
684 1957 882 1988 coenam.
927 1939 1051 2001 Quid
1076 1939 1166 1985 dux
1193 1939 1264 1985 ille
1287 1941 1542 1999 Romanus,

260 2011 336 2073 qui
360 2014 413 2058 ad
445 2014 754 2075 occupandum
774 2013 921 2060 locum
957 2012 1115 2059 milites
1145 2012 1316 2068 missos,
1347 2030 1446 2058 cum
1469 2031 1546 2076 per

259 2084 481 2149 ingentem
504 2085 693 2132 hostiurn
722 2087 964 2132 exercitum
993 2085 1098 2133 ituri
1117 2084 1280 2139 essent,
1305 2085 1361 2132 fic
1380 2087 1546 2133 allocu-

261 2172 331 2205 tus
355 2160 447 2206 est?
477 2163 542 2208 lre
570 2161 896 2207 commilitones
916 2159 993 2206 illo
1024 2159 1192 2207 necesse
1217 2158 1305 2215 est,
1337 2161 1451 2207 unde
1472 2178 1543 2208 re·
1579 2196 1584 2197 ν

265 2234 358 2280 dire
387 2251 477 2280 non
505 2233 567 2281 est
593 2235 774 2282 necesse.
801 2235 938 2281 Vides
963 2251 1091 2296 quam
1124 2234 1303 2298 simplex
1331 2248 1373 2281 et
1404 2234 1545 2296 impe—

261 2305 373 2351 riosa
396 2306 534 2352 virtus
562 2306 625 2354 fit.
656 2308 804 2366 Quem
835 2304 1087 2351 mortalium
1119 2304 1545 2366 circumscriptiones

263 2380 430 2427 vestrae
459 2381 690 2429 fortiorem
710 2381 872 2440 facere,
903 2398 1034 2444 quem
1055 2380 1314 2428 ereffiorem
1336 2379 1540 2443 possunt?

262 2456 476 2518 Frangunt
508 2457 717 2503 animum.
752 2457 827 2521 qui
854 2473 1076 2519 nunquam
1107 2456 1249 2502 minus
1282 2454 1542 2502 contrahen-
