1807 3004
568 149 1149 200 EPISTOLAE.
1413 165 1493 212 113

141 280 154 286 ·
218 255 426 302 utendum
448 255 509 302 est
524 267 565 301 et
586 255 665 301 iliis
684 291 696 312 ‚
728 266 775 301 ut
793 254 848 300 ita
869 254 1010 301 dicam
1031 289 1043 311 ,
1066 253 1387 311 concionibt153
1421 255 1499 301 ubi

219 330 295 392 qui
309 330 500 386 dubitat,
520 327 807 390 impellendus
827 325 887 373 est
905 344 914 371 :
929 325 1002 372 ubi
1023 341 1134 372 vero
1154 342 1243 372 non
1265 326 1352 373 hoc
1367 343 1499 390 agen-

218 403 323 448 dum
347 401 432 460 est,
457 412 505 447 ut
523 401 630 447 velit
656 400 846 457 discere,
865 400 936 446 sed
957 411 1003 444 ut
1023 400 1156 446 discat
1172 435 1185 457 ,
1205 400 1259 446 ad
1278 400 1384 446 haec
1399 400 1500 446 sub-

144 510 147 512 -
218 474 410 520 miffiora
437 474 570 522 verba
591 473 859 520 veniendum
886 473 961 520 est.
996 472 1178 520 Facilius
1204 473 1364 519 intrant
1382 508 1397 530 ‚
1429 473 1500 520 sed

214 561 258 594 et
276 548 467 595 haerent.
488 565 568 594 nec
593 548 711 594 enim
739 548 883 594 multis
909 563 1021 609 opus
1040 546 1127 604 est,
1148 547 1218 594 sed
1238 548 1501 597 efficacibus·

214 620 399 667 Seminis
418 621 557 666 modo
576 620 809 684 spargenda
829 620 935 666 sunt.
956 620 1080 682 quod
1103 620 1306 682 quamvis
1332 620 1381 667 fit
1400 619 1499 666 exi-

212 708 370 754 guum,
406 709 507 739 cum
532 693 772 754 occupavit
803 692 1015 738 idoneum
1049 692 1198 739 locum
1217 729 1230 751 ‚
1259 694 1376 742 vires
1408 693 1499 740 suas

211 765 421 827 explicat,
447 777 490 812 et
509 781 564 811 ex
582 765 769 811 minimo
796 765 841 810 in
867 764 1086 811 maximos
1112 767 1260 812 anetus
1286 765 1498 813 diffundi-

213 849 298 883 tur.
332 839 451 884 Idem
472 837 578 885 facit
606 837 764 884 oratio.
784 854 876 883 non
898 838 978 882 late
1000 849 1146 899 patet,
1175 837 1205 882 fi
1229 839 1408 900 aspicias
1424 856 1434 884 ς
1452 838 1508 884 in*

210 908 541 971 operererescit.
571 912 711 957 Pauca
744 909 839 956 sunt
868 925 980 971 quae
1010 908 1243 956 dicuntur:
1266 909 1336 956 sed
1364 909 1395 955 si
1424 910 1497 956 illa

210 983 380 1030 animus
412 984 522 1031 bene
554 982 778 1045 exceperit
796 1018 810 1038 ‚
837 981 1148 1029 convalescunt
1176 994 1219 1029 et
1243 982 1495 1046 exsurgunt.

210 1058 371 1102 Eadem
401 1056 489 1114 est,
515 1055 722 1118 inquam,
755 1067 1090 1117 praeceptorum
1120 1055 1349 1111 conditio,
1382 1072 1494 1118 quae

208 1128 437 1174 seminum.
466 1127 652 1172 multum
679 1127 900 1183 efficiunt,
922 1141 966 1173 et
986 1124 1016 1171 fi
1043 1126 1218 1190 angusta
1238 1127 1363 1173 sunt:
1394 1140 1493 1173 tan-

206 1213 328 1257 tum,
350 1214 400 1247 ut
421 1201 538 1255 dixi,
560 1200 719 1246 idonea
742 1216 865 1246 mens
882 1198 1021 1260 rapiat
1043 1198 1136 1256 illa,
1156 1211 1199 1246 et
1216 1199 1261 1245 in
1279 1199 1320 1246 se
1337 1199 1493 1246 trahat.

207 1275 346 1320 Multa
379 1273 570 1320 invicem
609 1284 651 1318 et
681 1271 771 1334 ipsa
806 1271 1064 1334 generabit,
1089 1283 1142 1326 et
1175 1272 1271 1333 plus
1302 1272 1488 1328 reddet,

206 1362 266 1408 qu
271 1361 338 1391 am
368 1343 600 1408 acceperit.

429 1470 908 1515 EPISTOLA
975 1470 1257 1517 XXXIX.

207 1597 255 1638 V
249 1595 333 1640 arie
351 1630 363 1651 ,
385 1592 427 1640 6³
446 1596 586 1640 varios
601 1631 612 1652 ,
631 1598 676 1639 itz
687 1592 1159 1658 philosbplziafirilssffi
1177 1612 1194 1641 .·
1212 1596 1387 1642 excitari
1404 1616 1482 1644 nos

265 1672 421 1727 debere,
456 1666 497 1714 ὃ*
518 1674 699 1715 ardorem
728 1688 862 1730 capere
890 1672 942 1714 ab
973 1674 1166 1730 exemplo.
1197 1673 1407 1716 Naturam
1438 1692 1482 1718 eo

264 1748 427 1800 ducere,
462 1763 564 1805 quae
597 1749 656 1790 ad
685 1748 843 1806 excelsa
874 1762 1026 1790 vocat:
1051 1748 1098 1791 itz
1131 1749 1280 1808 quibus
1313 1767 1401 1794 non
1431 1750 1484 1814 ςβ

257 1819 416 1879 plebeia
434 1819 663 1864 Felicitas:
683 1838 768 1864 non
798 1821 890 1864 item
920 1822 1138 1879 voluptas,
1161 1822 1262 1881 quia
1280 1836 1355 1866 auc
1373 1821 1479 1879 fra-

260 1892 479 1953 giliafimt
491 1925 506 1950 ,
532 1908 606 1938 aut
625 1908 783 1938 nocent.

203 1998 703 2115 COMMENTARIOS
729 2081 843 2129 quos
872 2064 1109 2126 desideras,
1141 2066 1370 2131 diligenter
1397 2083 1475 2115 or-

195 2151 321 2184 natos
333 2172 345 2192 ‚
363 2152 405 2184 et
422 2138 465 2183 in
483 2136 712 2200 angustum
730 2137 926 2194 coafitos,
940 2152 1024 2200 ego
1042 2154 1155 2185 vero
1176 2154 1445 2201 componam
1463 2157 1474 2187 :

195 2210 268 2257 sed
288 2209 390 2256 vide
407 2226 462 2256 ne
482 2209 576 2272 plus
588 2209 835 2272 profefiura
853 2208 903 2255 fit
921 2208 1066 2256 oratio
1079 2209 1324 2267 ordinaria,
1342 2228 1473 2274 quam

194 2285 302 2331 haec
323 2300 434 2346 quae
455 2300 569 2330 nunc
587 2284 725 2347 vulgo
746 2282 1017 2330 Breviarium
1039 2282 1225 2342 dicitur,
1244 2284 1350 2331 olim
1371 2301 1473 2333 cum

193 2358 345 2404 Latine
367 2358 676 2420 loqueremur,
698 2355 993 2404 Summarium
1020 2357 1277 2406 vocabatur.
1301 2357 1376 2404 Illa
1403 2375 1472 2407 res

194 2431 374 2478 discenti
398 2430 533 2494 magis
559 2429 791 2478 necessaria
813 2430 873 2477 est
895 2449 905 2477 z
937 2431 1045 2481 haec
1065 2429 1230 2480 scienti.
1255 2431 1327 2479 illa
1350 2432 1471 2485 enim

255 2508 305 2553 L.
333 2509 457 2553 Arm.
486 2509 655 2552 Seneca.
690 2509 781 2553 Vol.
804 2507 893 2556 Ill,
1151 2505 1195 2552 H
