1807 3004
373 163 461 207 115
612 165 658 209 L.
716 165 1014 210 ANNAEI
1062 167 1414 214 SENECAE

362 269 489 316 cursu
525 271 660 318 verba
692 273 967 320 convolvere
994 310 1008 333 ‚
1041 292 1153 338 quae
1186 292 1278 323 non
1316 268 1499 323 effdndit
1532 293 1644 334 una,

359 342 435 389 sed
459 344 620 405 premit
636 357 679 389 et
707 358 842 407 urget.
870 345 994 407 plura
1012 349 1127 393 enim
1155 349 1371 406 veniunt,
1395 364 1523 411 quam
1546 349 1644 412 qui-

360 417 442 465 bus
461 434 554 466 vox
574 435 659 464 una
677 418 872 466 sufficiat.
891 419 992 464 Hoc
1010 437 1099 466 non
1118 421 1264 482 probo
1283 422 1327 468 in
1346 421 1614 485 philosopho
1629 458 1644 479 ‚

362 489 486 536 cuius
514 491 818 551 pronuntiatio
853 506 1060 554 quoque,
1091 491 1196 540 ficut
1233 494 1325 540 vita
1345 529 1359 552 ,
1393 494 1524 542 debet
1560 493 1645 541 effe

363 561 606 624 composita
624 580 633 608 :
655 563 763 618 nihil
787 576 932 610 autem
953 564 1200 610 ordinatum
1220 565 1308 623 est,
1332 567 1455 629 quod
1477 566 1646 629 praeci-

363 635 527 697 pitatur
540 647 582 681 et
602 647 825 697 properat.
846 638 995 699 Itaque
1016 637 1158 683 oratio
1174 638 1245 683 illa
1262 641 1376 700 apud
1395 640 1646 685 Homerum

363 707 603 764 concitata,
620 721 663 755 et
677 708 764 755 fine
785 708 1098 755 intermistione
1118 709 1162 755 in
1179 727 1352 756 morem
1373 710 1486 757 nivis
1500 711 1647 772 super—

366 780 549 830 veniens
563 816 580 840 ‚,
605 781 772 828 oratori
801 782 897 828 data
925 782 985 829 est
1015 801 1025 828 ε
1053 795 1094 829 at
1122 784 1226 831 lenis
1252 796 1296 831 et
1325 785 1451 831 melle
1478 785 1648 832 dulcior

363 854 454 903 seni
474 853 672 917 profluit.
701 855 773 902 Sic
793 855 938 919 itaque
965 856 1075 902 habe
1092 892 1105 913 ‚
1126 857 1246 903 istam
1268 858 1360 905 vim
1379 858 1551 906 dicendi
1578 874 1649 904 ra-

364 928 513 991 pidam
533 940 663 990 atque
690 929 1008 986 abundantem,
1041 929 1258 991 aptiorem
1286 929 1369 976 effe
1393 929 1651 985 circulanti,

363 1017 496 1064 quam
530 1000 675 1063 agenti
704 1017 796 1046 rem
833 1017 1033 1064 magnam
1066 1018 1116 1048 ac
1149 1002 1334 1059 seriam,
1371 1002 1651 1064 docentique.

365 1092 505 1138 aeque
525 1075 676 1120 stillare
695 1076 813 1121 illam
831 1076 938 1121 nolo
954 1109 967 1131 ‚
987 1094 1118 1138 quam
1140 1094 1326 1124 currere.
1349 1095 1430 1124 nec
1447 1078 1653 1130 extendat

366 1164 490 1195 aures
505 1183 518 1206 ‚
548 1164 630 1194 nec
650 1149 822 1195 obruat.
849 1149 963 1194 Nam
985 1150 1056 1196 illa
1085 1154 1266 1213 quoque
1287 1151 1438 1212 inopia
1463 1165 1506 1197 et
1526 1149 1653 1196 exili-

366 1232 456 1279 tas,
480 1221 627 1267 minus
647 1221 860 1267 intentum
887 1223 1131 1268 auditorem
1162 1224 1315 1280 habet,
1338 1223 1488 1270 taedio
1514 1224 1652 1270 inter-

366 1307 521 1356 ruptae
538 1292 745 1340 tarditatis
765 1311 775 1340 :
796 1292 964 1340 facilius
993 1308 1138 1341 tamen
1166 1294 1309 1340 insidit
1334 1295 1457 1358 quod
1473 1295 1657 1357 exspec-

367 1381 484 1414 tatur
505 1403 518 1426 ‚
543 1383 674 1430 quam
694 1368 816 1430 quod
835 1368 1145 1430 praetervolat.
1164 1367 1371 1430 Denique
1388 1367 1556 1413 tradere
1574 1368 1655 1413 ho-

369 1441 510 1488 mines
539 1441 757 1504 discipulis
787 1458 1014 1505 praecepta
1046 1440 1249 1488 dicuntur
1277 1459 1288 1487 :
1316 1457 1409 1488 non
1439 1441 1657 1499 traditur,

369 1515 494 1579 quod
513 1513 638 1577 fugit.
661 1514 816 1561 Adiice
837 1531 953 1561 nunc
968 1550 981 1571 ‚
1008 1514 1133 1576 quod
1152 1529 1262 1576 quae
1283 1512 1458 1560 veritati
1475 1529 1655 1576 operam

369 1590 444 1635 dat
470 1589 643 1646 oratio,
677 1588 971 1650 incomposita
992 1587 1121 1634 debet
1150 1586 1233 1634 effe
1259 1602 1302 1632 et
1321 1585 1515 1648 fimplex.
1537 1586 1658 1632 Haec

369 1661 598 1726 popularis
627 1661 734 1707 nihil
756 1661 887 1708 habet
916 1661 1023 1708 veri.
1055 1677 1237 1708 movere
1265 1660 1359 1707 vult
1378 1659 1548 1706 turbam
1569 1695 1583 1717 ,
1615 1673 1658 1706 et

370 1737 637 1785 inconsultas
667 1753 792 1783 aures
820 1736 986 1799 impetu
1009 1735 1161 1798 rapere
1181 1753 1192 1782 ε
1217 1735 1482 1781 tractandam
1505 1733 1547 1781 se
1566 1750 1656 1780 non

371 1813 579 1877 praebet3
610 1811 819 1858 aufertur.
850 1812 1101 1870 Quomodo
1133 1824 1281 1858 autem
1310 1826 1459 1873 regere
1486 1809 1657 1872 potest,

372 1903 488 1950 quae
509 1885 601 1949 regi
629 1901 723 1932 non
746 1884 916 1947 potest?
937 1885 1062 1945 Quid
1087 1885 1209 1949 quod
1233 1885 1340 1931 haec
1367 1883 1528 1938 oratio,
1549 1900 1660 1946 quae

372 1960 570 2008 sanandis
589 1961 809 2008 mentibus
833 1959 1061 2007 adhibetur
1078 1996 1092 2017 ‚
1114 1959 1378 2006 descendere
1404 1956 1450 2003 in
1474 1972 1555 2003 nos
1580 1954 1661 2004 *de-

372 2033 483 2080 bet?
518 2033 711 2080 remedia
739 2050 830 2079 non
858 2034 1073 2096 prosunt,
1099 2032 1177 2079 nisi
1201 2032 1506 2078 immorentur.
1542 2030 1662 2076 Mul-

374 2121 471 2154 tum
506 2119 731 2170 praeterea
764 2106 896 2153 habet
929 2106 1176 2164 inanitatis,
1207 2117 1252 2153 et
1289 2104 1393 2152 vani
1423 2122 1433 2150 :
1464 2104 1559 2166 plus
1589 2103 1663 2149 so-

374 2195 482 2237 nat,
532 2198 665 2244 quam
702 2180 833 2228 valet.
869 2180 1089 2227 Lenienda
1126 2180 1221 2227 sunt
1260 2195 1372 2243 quae
1408 2195 1479 2226 me
1516 2190 1662 2225 exter-

375 2267 503 2314 rent,
532 2254 854 2316 compescenda
884 2270 994 2317 quae
1024 2253 1222 2309 irritant,
1255 2251 1522 2299 discutienda
1550 2267 1663 2314 quae
1694 2301 1699 2307 ,

377 2329 532 2377 fallunt
547 2347 557 2376 :
572 2328 810 2376 inhibenda
823 2328 1013 2384 luxuria,
1029 2327 1309 2390 corripienda
1324 2323 1519 2374 avaritia.
1537 2323 1664 2385 Quid

375 2400 538 2448 horum
567 2402 725 2465 raptim
756 2399 898 2465 potest
925 2399 1054 2447 fieri?
1092 2401 1190 2464 quis
1215 2400 1411 2463 medicus
1440 2413 1594 2461 aegros
1613 2396 1660 2442 in
1706 2432 1711 2436 >

371 2473 549 2523 transitu
577 2474 728 2524 curat?
756 2474 909 2538 Quid,
940 2474 1064 2538 quod
1092 2490 1146 2522 ne
1173 2472 1450 2536 voluptatem
1478 2470 1662 2534 quidem
