1807 3004
305 208 363 252 26
541 208 590 253 L.
639 208 930 253 ANNAEI
979 208 1327 253 SENECAE

299 309 435 357 exitio
451 311 622 359 urbium
646 314 908 360 Poliorcetes
926 313 1029 371 fuir,
1051 315 1276 377 Numquid
1299 313 1566 376 perdidisset?

301 382 463 428 Omnia
478 418 491 438 ,
510 383 674 444 inquit,
693 384 811 430 bona
831 401 926 430 mea
946 401 1119 431 mecum
1137 386 1243 432 sunt.
1263 388 1373 433 Ecce
1392 387 1460 433 vir
1477 386 1577 435 for--v

298 453 351 500 tis
371 471 419 501 ac
439 454 630 502 strenuus
645 491 657 510 ‚
690 455 823 517 ipsam
851 457 986 504 hostis
1011 457 1070 502 sui
1100 459 1328 505 vifforiam
1350 459 1470 506 vicit.
1490 460 1571 505 Ni—

298 527 381 581 hil,
400 527 560 590 inquit,
579 528 766 590 perdidi,
783 528 979 574 dubitare
997 530 1117 575 illurn
1139 530 1373 594 coegit‚an
1393 530 1572 578 viciffet.

297 601 461 645 Omnia
483 616 575 646 mea
598 617 770 646 mecum
789 602 897 648 sunt.
919 601 1076 648 lustitia
1091 639 1103 657 ‚
1131 604 1266 650 virtus
1281 636 1295 659 ‚
1324 618 1571 666 temperan-

297 672 355 716 tia
373 703 387 727 ‚
407 671 631 732 prudentia
647 707 658 724 ,
679 672 765 717 hoc
785 671 920 732 {psum
937 709 947 725 ‚
968 673 1074 718 nihil
1093 675 1257 719 bonum
1279 676 1431 737 putare
1451 675 1571 736 quod

298 745 404 806 eripi
437 745 581 806 poffit.
616 745 828 790 Miramur
858 745 1055 791 animalia
1083 747 1323 809 quaedam,
1357 764 1467 809 quae
1497 764 1574 808 pei·

225 808 228 811 ¹
297 818 467 864 medios
486 818 603 880 ignes
624 818 708 863 sine
729 834 846 882 nox?
874 835 1116 880 corporum
1136 820 1351 865 transeunt
1370 836 1380 864 :
1404 833 1573 881 quanto

299 889 369 934 hic
390 889 627 935 mirabilior
650 890 719 935 vir
737 925 750 945 ,
770 889 844 952 qui
865 907 943 951 pei·
962 890 1123 936 fei-rum
1146 904 1187 937 et
1203 892 1346 937 ruinas
1364 903 1405 936 et
1422 892 1544 954 ignes
1562 927 1575 947 ‚

297 962 460 1008 illaesus
479 974 520 1007 et
548 962 764 1008 indemnis
785 962 950 1008 evafit?
981 963 1115 1009 Vides
1135 976 1301 1025 quanto
1332 963 1503 1010 facilius
1527 964 1577 1011 sit

297 1047 435 1080 totam
473 1038 673 1097 gentem,
712 1051 842 1094 quam
876 1053 1012 1080 unum
1040 1035 1183 1080 virum
1214 1030 1435 1082 vincere?
1456 1036 1577 1081 Haec

298 1124 394 1153 vox
424 1107 483 1152 illi
504 1105 566 1153 est
593 1107 840 1154 communis·
863 1124 962 1152 cum
992 1107 1158 1153 Stoico.
1188 1125 1323 1170 aeque
1343 1124 1384 1154 et
1411 1108 1479 1153 hic
1510 1108 1578 1153 in-

297 1182 406 1227 radia
424 1180 539 1226 bona
563 1198 642 1242 per
661 1182 1111 1227 concrematas-urbes
1140 1181 1234 1228 fert.
1264 1185 1314 1228 Se
1339 1184 1455 1228 enim
1483 1182 1578 1241 ipso

300 1264 533 1299 contentus
558 1253 644 1310 est,
664 1254 752 1298 hoc
772 1253 1021 1299 feiicitatem
1043 1253 1162 1299 suam
1181 1254 1266 1300 fine
1287 1255 1487 1317 designat.
1510 1256 1578 1300 Ne

300 1325 516 1370 existimes
544 1342 624 1371 nos
652 1326 767 1372 solos
795 1325 1001 1389 generoia
1031 1327 1164 1372 verba
1195 1327 1382 1373 iaffiire:
1417 1339 1459 1372 et
1479 1326 1578 1389 ipse

300 1398 509 1460 Stilponis
541 1398 801 1461 obiurgator
837 1398 1083 1460 Epicurus,
1117 1398 1299 1445 fimilem
1327 1399 1390 1445 illi
1418 1415 1581 1445 vocem

302 1471 420 1518 emls
424 1484 461 1529 t
485 1489 614 1535 quam
631 1485 679 1517 tu
698 1472 804 1517 boni
824 1471 1024 1528 consule,
1043 1471 1206 1518 etiamst
1223 1472 1341 1519 hunc
1360 1471 1505 1518 diem
1495 1489 1581 1518 1am

300 1546 504 1607 expunxi.
518 1546 561 1591 Si
584 1545 653 1592 cui
666 1582 679 1601 ‚
697 1545 861 1608 inquit,
879 1546 948 1591 sua
968 1563 1060 1592 non
1078 1545 1283 1593 videntur
1302 1546 1582 1608 ampliffima,

300 1622 403 1668 licet
423 1620 558 1667 totius
581 1619 732 1666 mundi
757 1619 964 1665 dominus
984 1617 1032 1663 sit
1047 1654 1058 1673 ‚
1086 1629 1231 1663 tamen
1249 1618 1375 1664 miser
1394 1617 1467 1663 est.
1498 1617 1582 1664 Vel

303 1695 335 1741 si
365 1694 452 1740 hoc
479 1693 619 1739 modo
648 1692 729 1738 tibi
753 1691 906 1738 melius
929 1690 1141 1736 enuntiari
1171 1691 1369 1736 videtur:
1401 1690 1446 1735 id
1464 1690 1583 1736 enim

303 1766 548 1828 agendum,
579 1775 627 1811 ut
667 1781 758 1809 non
788 1763 933 1810 verbis
967 1762 1201 1808 serviamus
1220 1798 1234 1820 ,
1277 1762 1349 1808 sed
1388 1762 1589 1810 sensibus.

306 1838 441 1883 Miser
459 1837 544 1893 est,
574 1836 708 1899 quise
733 1852 822 1880 non
849 1834 1134 1881 beatissimum
1161 1835 1350 1889 iudicat,
1381 1834 1583 1880 licetim-

307 1920 431 1972 peret
456 1909 638 1955 mundo.
668 1911 730 1954 Ut
758 1906 860 1953 scias
890 1919 1032 1952 autem
1057 1906 1138 1952 hos
1162 1905 1302 1952 sensus
1325 1920 1583 1952 communes

308 1981 396 2028 effe
409 2016 422 2036 ‚
442 1993 595 2027 natura
619 1979 781 2028 scilicet
798 1979 984 2026 difiante
998 2014 1012 2038 ‚
1031 1979 1146 2042 apud
1162 1979 1342 2043 poetam
1362 1977 1583 2026 comicum

309 2054 507 2103 invenies
527 2071 540 2102 :

373 2166 474 2209 Non
501 2163 553 2229 est
577 2165 743 2221 beatus,
767 2161 836 2227 effe
847 2163 897 2223 se
917 2164 989 2224 qui
1019 2179 1105 2207 non
1126 2176 1265 2223 putat.

314 2271 437 2331 Quid
461 2271 577 2324 enim
601 2271 733 2319 refert
757 2270 892 2334 qualis
918 2270 1046 2317 status
1076 2284 1176 2317 tuus
1199 2268 1279 2325 fit,
1300 2266 1331 2313 fi
1361 2265 1441 2314 tibi
1459 2265 1585 2314 vide-

314 2358 385 2391 tur
416 2345 581 2393 malus?
617 2346 739 2406 Quid
769 2350 908 2408 ergo?
939 2345 1104 2408 inquis,
1124 2344 1161 2389 ¹fi
1191 2345 1362 2390 beatum
1390 2341 1433 2389 se
1460 2339 1585 2386 dixe-

310 2419 372 2465 rit
398 2419 470 2465 iile
488 2419 671 2481 turpiter
690 2419 812 2466 dives
827 2456 840 2478 ,
866 2433 908 2465 et
922 2420 991 2465 iile
1010 2420 1245 2464 multorum
1265 2415 1495 2468 dominus,
1514 2411 1586 2457 sed

316 2490 509 2554 plurium
530 2490 677 2538 servus
699 2509 710 2538 ε
733 2492 883 2539 beatus
908 2493 979 2538 {ua
996 2490 1201 2539 sententia
1223 2487 1332 2536 fiet?
1358 2486 1464 2534 Non
1482 2482 1588 2547 quid
