<?xml version="1.0" encoding="UTF-8"?>
<!DOCTYPE html PUBLIC "-//W3C//DTD XHTML 1.0 Transitional//EN"
    "http://www.w3.org/TR/xhtml1/DTD/xhtml1-transitional.dtd">
<html xmlns="http://www.w3.org/1999/xhtml" xml:lang="en" lang="en">
 <head>
  <title>
</title>
<meta http-equiv="Content-Type" content="text/html;charset=utf-8" />
  <meta name='ocr-system' content='tesseract 3.04.00' />
  <meta name='ocr-capabilities' content='ocr_page ocr_carea ocr_par ocr_line ocrx_word'/>
</head>
<body>
  <div class='ocr_page' id='page_1' title='image "./lannaeisenecaeph03seneuoft_0263.png"; bbox 0 0 1807 3004; ppageno 0'>
   <div class='ocr_carea' id='block_1_1' title="bbox 534 178 1456 252">
    <p class='ocr_par' dir='ltr' id='par_1_1' title="bbox 534 178 1456 252">
     <span class='ocr_line' id='line_1_1' title="bbox 534 178 1456 252; baseline 0.007 -24"><span class='ocrx_word' id='word_1_1' title='bbox 534 178 1113 230; x_wconf 75' lang='lat' dir='ltr'><strong>EPISTOLAE.</strong></span> <span class='ocrx_word' id='word_1_2' title='bbox 1368 204 1456 252; x_wconf 80' lang='lat'>255</span> 
     </span>
    </p>
   </div>
   <div class='ocr_carea' id='block_1_2' title="bbox 181 288 1467 1081">
    <p class='ocr_par' dir='ltr' id='par_1_2' title="bbox 181 288 1467 1081">
     <span class='ocr_line' id='line_1_2' title="bbox 187 288 1463 354; baseline 0.003 -18"><span class='ocrx_word' id='word_1_3' title='bbox 187 288 296 339; x_wconf 80' lang='lat' dir='ltr'>vitia</span> <span class='ocrx_word' id='word_1_4' title='bbox 324 289 592 354; x_wconf 83' lang='lat' dir='ltr'>posuerunt:</span> <span class='ocrx_word' id='word_1_5' title='bbox 622 306 731 353; x_wconf 84' lang='lat' dir='ltr'>quae</span> <span class='ocrx_word' id='word_1_6' title='bbox 759 305 878 337; x_wconf 83' lang='lat' dir='ltr'><strong>erant</strong></span> <span class='ocrx_word' id='word_1_7' title='bbox 905 291 1260 353; x_wconf 60' lang='lat' dir='ltr'><strong>complessenda,</strong></span> <span class='ocrx_word' id='word_1_8' title='bbox 1293 292 1463 343; x_wconf 80' lang='lat' dir='ltr'>didice-</span> 
     </span>
     <span class='ocr_line' id='line_1_3' title="bbox 188 361 1463 425; baseline 0.004 -16"><span class='ocrx_word' id='word_1_9' title='bbox 188 378 291 411; x_wconf 86' lang='lat' dir='ltr'>runt</span> <span class='ocrx_word' id='word_1_10' title='bbox 324 381 335 410; x_wconf 70' lang='grc' dir='ltr'><strong><em>ε</em></strong></span> <span class='ocrx_word' id='word_1_11' title='bbox 370 363 440 410; x_wconf 83' lang='lat' dir='ltr'><strong>sed</strong></span> <span class='ocrx_word' id='word_1_12' title='bbox 470 361 550 408; x_wconf 78' lang='lat' dir='ltr'>illis</span> <span class='ocrx_word' id='word_1_13' title='bbox 579 363 718 408; x_wconf 82' lang='lat' dir='ltr'>adhuc</span> <span class='ocrx_word' id='word_1_14' title='bbox 746 362 969 425; x_wconf 70' lang='lat' dir='ltr'><strong>inexperta</strong></span> <span class='ocrx_word' id='word_1_15' title='bbox 1008 363 1164 410; x_wconf 86' lang='lat' dir='ltr'>fiducia</span> <span class='ocrx_word' id='word_1_16' title='bbox 1190 364 1262 410; x_wconf 81' lang='lat' dir='ltr'>est.</span> <span class='ocrx_word' id='word_1_17' title='bbox 1294 365 1463 414; x_wconf 83' lang='lat' dir='ltr'>bonum</span> 
     </span>
     <span class='ocr_line' id='line_1_4' title="bbox 186 435 1465 501; baseline 0.002 -18"><span class='ocrx_word' id='word_1_18' title='bbox 186 436 310 483; x_wconf 86' lang='lat' dir='ltr'>suum</span> <span class='ocrx_word' id='word_1_19' title='bbox 338 435 532 481; x_wconf 83' lang='lat' dir='ltr'>nondum</span> <span class='ocrx_word' id='word_1_20' title='bbox 553 435 597 479; x_wconf 89' lang='lat' dir='ltr'>in</span> <span class='ocrx_word' id='word_1_21' title='bbox 626 435 702 480; x_wconf 81' lang='lat' dir='ltr'>usu</span> <span class='ocrx_word' id='word_1_22' title='bbox 723 435 895 481; x_wconf 84' lang='lat' dir='ltr'>habent.</span> <span class='ocrx_word' id='word_1_23' title='bbox 915 437 1002 481; x_wconf 78' lang='lat' dir='ltr'>lam</span> <span class='ocrx_word' id='word_1_24' title='bbox 1027 447 1171 481; x_wconf 76' lang='lat' dir='ltr'><strong>tamen</strong></span> <span class='ocrx_word' id='word_1_25' title='bbox 1190 436 1234 481; x_wconf 88' lang='lat' dir='ltr'>in</span> <span class='ocrx_word' id='word_1_26' title='bbox 1258 436 1328 483; x_wconf 87' lang='lat' dir='ltr'>illa</span> <span class='ocrx_word' id='word_1_27' title='bbox 1352 455 1465 501; x_wconf 82' lang='lat' dir='ltr'>quae</span> 
     </span>
     <span class='ocr_line' id='line_1_5' title="bbox 187 506 1464 571; baseline 0.003 -17"><span class='ocrx_word' id='word_1_28' title='bbox 187 508 410 571; x_wconf 83' lang='lat' dir='ltr'><strong>fugerunt,</strong></span> <span class='ocrx_word' id='word_1_29' title='bbox 442 508 637 554; x_wconf 73' lang='lat' dir='ltr'><strong>recidere</strong></span> <span class='ocrx_word' id='word_1_30' title='bbox 668 524 757 552; x_wconf 87' lang='lat' dir='ltr'>non</span> <span class='ocrx_word' id='word_1_31' title='bbox 786 506 995 570; x_wconf 80' lang='lat' dir='ltr'>poffunt:</span> <span class='ocrx_word' id='word_1_32' title='bbox 1024 508 1107 554; x_wconf 79' lang='lat' dir='ltr'>iam</span> <span class='ocrx_word' id='word_1_33' title='bbox 1128 508 1188 554; x_wconf 88' lang='lat' dir='ltr'>ibi</span> <span class='ocrx_word' id='word_1_34' title='bbox 1214 509 1327 565; x_wconf 87' lang='lat' dir='ltr'>sunt,</span> <span class='ocrx_word' id='word_1_35' title='bbox 1347 511 1464 558; x_wconf 82' lang='lat' dir='ltr'><strong>unde</strong></span> 
     </span>
     <span class='ocr_line' id='line_1_6' title="bbox 186 578 1464 641; baseline 0.003 -15"><span class='ocrx_word' id='word_1_36' title='bbox 186 595 278 626; x_wconf 85' lang='lat' dir='ltr'>non</span> <span class='ocrx_word' id='word_1_37' title='bbox 303 579 362 624; x_wconf 86' lang='lat' dir='ltr'><strong>est</strong></span> <span class='ocrx_word' id='word_1_38' title='bbox 392 592 511 625; x_wconf 87' lang='lat' dir='ltr'><strong>retro</strong></span> <span class='ocrx_word' id='word_1_39' title='bbox 539 578 675 641; x_wconf 79' lang='lat' dir='ltr'>lapsus</span> <span class='ocrx_word' id='word_1_40' title='bbox 697 597 706 623; x_wconf 89' lang='lat'>:</span> <span class='ocrx_word' id='word_1_41' title='bbox 727 579 796 624; x_wconf 84' lang='lat' dir='ltr'><strong>sed</strong></span> <span class='ocrx_word' id='word_1_42' title='bbox 825 580 910 626; x_wconf 87' lang='lat' dir='ltr'>hoc</span> <span class='ocrx_word' id='word_1_43' title='bbox 934 579 1014 626; x_wconf 86' lang='lat' dir='ltr'>illis</span> <span class='ocrx_word' id='word_1_44' title='bbox 1034 581 1088 627; x_wconf 83' lang='lat' dir='ltr'><strong>de</strong></span> <span class='ocrx_word' id='word_1_45' title='bbox 1119 579 1161 626; x_wconf 87' lang='lat' dir='ltr'><strong>se</strong></span> <span class='ocrx_word' id='word_1_46' title='bbox 1186 583 1380 629; x_wconf 85' lang='lat' dir='ltr'>nondum</span> <span class='ocrx_word' id='word_1_47' title='bbox 1407 584 1464 630; x_wconf 91' lang='lat' dir='ltr'>li-</span> 
     </span>
     <span class='ocr_line' id='line_1_7' title="bbox 181 653 1466 716; baseline 0.005 -18"><span class='ocrx_word' id='word_1_48' title='bbox 181 665 316 715; x_wconf 74' lang='lat' dir='ltr'><strong>quet,</strong></span> <span class='ocrx_word' id='word_1_49' title='bbox 345 665 387 699; x_wconf 85' lang='lat' dir='ltr'><strong>et</strong></span> <span class='ocrx_word' id='word_1_50' title='bbox 411 654 532 716; x_wconf 85' lang='lat' dir='ltr'>quod</span> <span class='ocrx_word' id='word_1_51' title='bbox 554 655 596 699; x_wconf 90' lang='lat' dir='ltr'>in</span> <span class='ocrx_word' id='word_1_52' title='bbox 623 654 808 716; x_wconf 76' lang='lat' dir='ltr'>quadam</span> <span class='ocrx_word' id='word_1_53' title='bbox 834 653 1016 716; x_wconf 84' lang='lat' dir='ltr'>epistola</span> <span class='ocrx_word' id='word_1_54' title='bbox 1045 653 1250 716; x_wconf 82' lang='lat' dir='ltr'>scripfiffe</span> <span class='ocrx_word' id='word_1_55' title='bbox 1275 673 1345 703; x_wconf 87' lang='lat' dir='ltr'>me</span> <span class='ocrx_word' id='word_1_56' title='bbox 1371 673 1466 704; x_wconf 88' lang='lat' dir='ltr'>me·</span> 
     </span>
     <span class='ocr_line' id='line_1_8' title="bbox 186 724 1466 788; baseline 0.002 -17"><span class='ocrx_word' id='word_1_57' title='bbox 186 724 322 783; x_wconf 87' lang='lat' dir='ltr'>mini,</span> <span class='ocrx_word' id='word_1_58' title='bbox 351 724 457 772; x_wconf 86' lang='lat' dir='ltr'><strong>scire</strong></span> <span class='ocrx_word' id='word_1_59' title='bbox 486 725 526 771; x_wconf 89' lang='lat' dir='ltr'><strong>se</strong></span> <span class='ocrx_word' id='word_1_60' title='bbox 548 725 752 772; x_wconf 79' lang='lat' dir='ltr'>nesciunt.</span> <span class='ocrx_word' id='word_1_61' title='bbox 783 727 872 770; x_wconf 84' lang='lat' dir='ltr'>Iam</span> <span class='ocrx_word' id='word_1_62' title='bbox 905 725 1089 788; x_wconf 79' lang='lat' dir='ltr'>contigit</span> <span class='ocrx_word' id='word_1_63' title='bbox 1120 725 1202 773; x_wconf 69' lang='lat' dir='ltr'>illis</span> <span class='ocrx_word' id='word_1_64' title='bbox 1230 726 1354 773; x_wconf 81' lang='lat' dir='ltr'>bono</span> <span class='ocrx_word' id='word_1_65' title='bbox 1384 726 1466 774; x_wconf 87' lang='lat' dir='ltr'>suo</span> 
     </span>
     <span class='ocr_line' id='line_1_9' title="bbox 183 796 1463 861; baseline 0.003 -18"><span class='ocrx_word' id='word_1_66' title='bbox 183 797 298 855; x_wconf 84' lang='lat' dir='ltr'>frui,</span> <span class='ocrx_word' id='word_1_67' title='bbox 320 799 515 844; x_wconf 86' lang='lat' dir='ltr'>nondum</span> <span class='ocrx_word' id='word_1_68' title='bbox 535 796 772 844; x_wconf 58' lang='lat' dir='ltr'><strong>confidere„</strong></span> <span class='ocrx_word' id='word_1_69' title='bbox 796 798 988 858; x_wconf 79' lang='lat' dir='ltr'><strong>Quidam</strong></span> <span class='ocrx_word' id='word_1_70' title='bbox 1018 799 1103 845; x_wconf 84' lang='lat' dir='ltr'>hoc</span> <span class='ocrx_word' id='word_1_71' title='bbox 1137 797 1463 861; x_wconf 80' lang='lat' dir='ltr'>proficientium</span> 
     </span>
     <span class='ocr_line' id='line_1_10' title="bbox 184 868 1467 933; baseline 0.004 -18"><span class='ocrx_word' id='word_1_72' title='bbox 184 885 351 932; x_wconf 81' lang='lat' dir='ltr'><strong>genus,</strong></span> <span class='ocrx_word' id='word_1_73' title='bbox 385 870 437 916; x_wconf 89' lang='lat' dir='ltr'><strong>de</strong></span> <span class='ocrx_word' id='word_1_74' title='bbox 457 886 547 933; x_wconf 85' lang='lat' dir='ltr'>quo</span> <span class='ocrx_word' id='word_1_75' title='bbox 580 869 750 916; x_wconf 83' lang='lat' dir='ltr'>locutus</span> <span class='ocrx_word' id='word_1_76' title='bbox 774 868 892 927; x_wconf 80' lang='lat' dir='ltr'>sum,</span> <span class='ocrx_word' id='word_1_77' title='bbox 928 871 985 916; x_wconf 79' lang='lat' dir='ltr'>ita</span> <span class='ocrx_word' id='word_1_78' title='bbox 1015 871 1387 933; x_wconf 66' lang='lat' dir='ltr'>complefiuntur‚</span> <span class='ocrx_word' id='word_1_79' title='bbox 1418 884 1467 920; x_wconf 83' lang='lat' dir='ltr'>ut</span> 
     </span>
     <span class='ocr_line' id='line_1_11' title="bbox 185 940 1465 1006; baseline 0.003 -18"><span class='ocrx_word' id='word_1_80' title='bbox 185 942 283 988; x_wconf 78' lang='lat' dir='ltr'>illos</span> <span class='ocrx_word' id='word_1_81' title='bbox 299 943 444 989; x_wconf 88' lang='lat' dir='ltr'>dicant</span> <span class='ocrx_word' id='word_1_82' title='bbox 460 942 544 989; x_wconf 84' lang='lat' dir='ltr'>iam</span> <span class='ocrx_word' id='word_1_83' title='bbox 565 940 758 1006; x_wconf 66' lang='lat' dir='ltr'>effugisse</span> <span class='ocrx_word' id='word_1_84' title='bbox 775 944 955 990; x_wconf 84' lang='lat' dir='ltr'>morbos</span> <span class='ocrx_word' id='word_1_85' title='bbox 974 944 1131 1003; x_wconf 78' lang='lat' dir='ltr'>animi,</span> <span class='ocrx_word' id='word_1_86' title='bbox 1161 944 1334 993; x_wconf 58' lang='lat' dir='ltr'>affessus</span> <span class='ocrx_word' id='word_1_87' title='bbox 1352 961 1465 992; x_wconf 87' lang='lat' dir='ltr'>non-</span> 
     </span>
     <span class='ocr_line' id='line_1_12' title="bbox 188 1015 1465 1081; baseline 0.002 -19"><span class='ocrx_word' id='word_1_88' title='bbox 188 1016 293 1062; x_wconf 82' lang='lat' dir='ltr'>dum</span> <span class='ocrx_word' id='word_1_89' title='bbox 310 1049 323 1070; x_wconf 90' lang='lat'><strong>‚</strong></span> <span class='ocrx_word' id='word_1_90' title='bbox 348 1033 391 1062; x_wconf 87' lang='lat' dir='ltr'><strong>et</strong></span> <span class='ocrx_word' id='word_1_91' title='bbox 415 1016 556 1063; x_wconf 82' lang='lat' dir='ltr'>adhuc</span> <span class='ocrx_word' id='word_1_92' title='bbox 577 1015 620 1062; x_wconf 80' lang='lat' dir='ltr'>in</span> <span class='ocrx_word' id='word_1_93' title='bbox 646 1016 818 1063; x_wconf 80' lang='lat' dir='ltr'>lubrico</span> <span class='ocrx_word' id='word_1_94' title='bbox 846 1017 952 1064; x_wconf 84' lang='lat' dir='ltr'>stare</span> <span class='ocrx_word' id='word_1_95' title='bbox 974 1035 984 1063; x_wconf 80' lang='lat' dir='ltr'>t</span> <span class='ocrx_word' id='word_1_96' title='bbox 1006 1018 1105 1081; x_wconf 87' lang='lat' dir='ltr'>quia</span> <span class='ocrx_word' id='word_1_97' title='bbox 1126 1033 1257 1064; x_wconf 83' lang='lat' dir='ltr'>nemo</span> <span class='ocrx_word' id='word_1_98' title='bbox 1275 1018 1325 1065; x_wconf 88' lang='lat' dir='ltr'>fit</span> <span class='ocrx_word' id='word_1_99' title='bbox 1343 1034 1465 1065; x_wconf 82' lang='lat' dir='ltr'><strong>extra</strong></span> 
     </span>
    </p>
   </div>
   <div class='ocr_carea' id='block_1_3' title="bbox 115 1088 1464 1152">
    <p class='ocr_par' dir='ltr' id='par_1_3' title="bbox 115 1088 1464 1152">
     <span class='ocr_line' id='line_1_13' title="bbox 115 1088 1464 1152; baseline 0.001 -16"><span class='ocrx_word' id='word_1_100' title='bbox 115 1091 117 1094; x_wconf 73' lang='grc'><strong>’</strong></span> <span class='ocrx_word' id='word_1_101' title='bbox 187 1089 428 1152; x_wconf 83' lang='lat' dir='ltr'>periculum</span> <span class='ocrx_word' id='word_1_102' title='bbox 449 1088 659 1147; x_wconf 80' lang='lat' dir='ltr'>malitiae,</span> <span class='ocrx_word' id='word_1_103' title='bbox 692 1088 768 1134; x_wconf 79' lang='lat' dir='ltr'>nifi</span> <span class='ocrx_word' id='word_1_104' title='bbox 790 1089 865 1152; x_wconf 85' lang='lat' dir='ltr'>qui</span> <span class='ocrx_word' id='word_1_105' title='bbox 884 1101 1021 1136; x_wconf 86' lang='lat' dir='ltr'>totam</span> <span class='ocrx_word' id='word_1_106' title='bbox 1042 1107 1137 1136; x_wconf 84' lang='lat' dir='ltr'>eam</span> <span class='ocrx_word' id='word_1_107' title='bbox 1159 1090 1348 1137; x_wconf 66' lang='lat' dir='ltr'>excussit„</span> <span class='ocrx_word' id='word_1_108' title='bbox 1365 1149 1367 1151; x_wconf 66' lang='lat'><em>,</em></span> <span class='ocrx_word' id='word_1_109' title='bbox 1384 1107 1464 1138; x_wconf 80' lang='lat' dir='ltr'><strong>ne·</strong></span> 
     </span>
    </p>
   </div>
   <div class='ocr_carea' id='block_1_4' title="bbox 0 0 60 3004">
    <p class='ocr_par' dir='ltr' id='par_1_4' title="bbox 0 0 60 3004">
     <span class='ocr_line' id='line_1_14' title="bbox 0 0 60 3004; baseline 0 0"><span class='ocrx_word' id='word_1_110' title='bbox 0 0 60 3004; x_wconf 95' lang='lat' dir='ltr'> </span> 
     </span>
    </p>
   </div>
   <div class='ocr_carea' id='block_1_5' title="bbox 122 1158 1471 2448">
    <p class='ocr_par' dir='ltr' id='par_1_5' title="bbox 122 1158 1471 2448">
     <span class='ocr_line' id='line_1_15' title="bbox 189 1158 1465 1223; baseline 0.003 -17"><span class='ocrx_word' id='word_1_111' title='bbox 189 1176 266 1206; x_wconf 86' lang='lat' dir='ltr'>mo</span> <span class='ocrx_word' id='word_1_112' title='bbox 285 1172 430 1206; x_wconf 85' lang='lat' dir='ltr'>autem</span> <span class='ocrx_word' id='word_1_113' title='bbox 451 1158 565 1204; x_wconf 85' lang='lat' dir='ltr'>illam</span> <span class='ocrx_word' id='word_1_114' title='bbox 586 1158 785 1216; x_wconf 79' lang='lat' dir='ltr'><strong>excuffit,</strong></span> <span class='ocrx_word' id='word_1_115' title='bbox 813 1159 890 1205; x_wconf 84' lang='lat' dir='ltr'>nifi</span> <span class='ocrx_word' id='word_1_116' title='bbox 911 1160 986 1223; x_wconf 90' lang='lat' dir='ltr'>qui</span> <span class='ocrx_word' id='word_1_117' title='bbox 1015 1177 1099 1223; x_wconf 87' lang='lat' dir='ltr'>pro</span> <span class='ocrx_word' id='word_1_118' title='bbox 1121 1162 1190 1207; x_wconf 81' lang='lat' dir='ltr'>iila</span> <span class='ocrx_word' id='word_1_119' title='bbox 1214 1161 1465 1223; x_wconf 78' lang='lat' dir='ltr'>sapientiam</span> 
     </span>
     <span class='ocr_line' id='line_1_16' title="bbox 122 1230 1465 1291; baseline 0.002 -13"><span class='ocrx_word' id='word_1_120' title='bbox 122 1250 125 1251; x_wconf 48' lang='lat'><em>⁷</em></span> <span class='ocrx_word' id='word_1_121' title='bbox 187 1230 387 1278; x_wconf 80' lang='lat' dir='ltr'>affumfit.</span> <span class='ocrx_word' id='word_1_122' title='bbox 415 1231 536 1291; x_wconf 83' lang='lat' dir='ltr'>Quid</span> <span class='ocrx_word' id='word_1_123' title='bbox 558 1231 668 1277; x_wconf 87' lang='lat' dir='ltr'><strong>inter</strong></span> <span class='ocrx_word' id='word_1_124' title='bbox 696 1233 877 1278; x_wconf 86' lang='lat' dir='ltr'>morbos</span> <span class='ocrx_word' id='word_1_125' title='bbox 905 1232 1038 1279; x_wconf 83' lang='lat' dir='ltr'>animi</span> <span class='ocrx_word' id='word_1_126' title='bbox 1064 1232 1227 1281; x_wconf 82' lang='lat' dir='ltr'><strong>interfit</strong></span> <span class='ocrx_word' id='word_1_127' title='bbox 1255 1245 1298 1281; x_wconf 91' lang='lat' dir='ltr'><strong>et</strong></span> <span class='ocrx_word' id='word_1_128' title='bbox 1330 1233 1465 1281; x_wconf 81' lang='lat' dir='ltr'><strong>affec·</strong></span> 
     </span>
     <span class='ocr_line' id='line_1_17' title="bbox 184 1300 1465 1366; baseline 0.002 -16"><span class='ocrx_word' id='word_1_129' title='bbox 184 1316 283 1362; x_wconf 65' lang='lat' dir='ltr'>tus,</span> <span class='ocrx_word' id='word_1_130' title='bbox 320 1304 442 1364; x_wconf 83' lang='lat' dir='ltr'>saepe</span> <span class='ocrx_word' id='word_1_131' title='bbox 476 1302 562 1347; x_wconf 91' lang='lat' dir='ltr'>iam</span> <span class='ocrx_word' id='word_1_132' title='bbox 593 1301 683 1347; x_wconf 84' lang='lat' dir='ltr'>dixi</span> <span class='ocrx_word' id='word_1_133' title='bbox 714 1319 722 1347; x_wconf 92' lang='lat'>:</span> <span class='ocrx_word' id='word_1_134' title='bbox 759 1319 876 1349; x_wconf 74' lang='lat' dir='ltr'>nunc</span> <span class='ocrx_word' id='word_1_135' title='bbox 905 1319 1089 1366; x_wconf 77' lang='lat' dir='ltr'>quoque</span> <span class='ocrx_word' id='word_1_136' title='bbox 1124 1314 1166 1350; x_wconf 86' lang='lat' dir='ltr'><strong>te</strong></span> <span class='ocrx_word' id='word_1_137' title='bbox 1197 1300 1465 1352; x_wconf 79' lang='lat' dir='ltr'>admonebo.</span> 
     </span>
     <span class='ocr_line' id='line_1_18' title="bbox 190 1374 1467 1434; baseline 0.002 -12"><span class='ocrx_word' id='word_1_138' title='bbox 190 1375 339 1422; x_wconf 85' lang='lat' dir='ltr'>Morbi</span> <span class='ocrx_word' id='word_1_139' title='bbox 367 1375 461 1421; x_wconf 83' lang='lat' dir='ltr'>sunt</span> <span class='ocrx_word' id='word_1_140' title='bbox 482 1374 721 1421; x_wconf 84' lang='lat' dir='ltr'><strong>inveterata</strong></span> <span class='ocrx_word' id='word_1_141' title='bbox 744 1374 850 1421; x_wconf 79' lang='lat' dir='ltr'>vitia</span> <span class='ocrx_word' id='word_1_142' title='bbox 866 1409 879 1432; x_wconf 87' lang='lat'><strong><em>‚</em></strong></span> <span class='ocrx_word' id='word_1_143' title='bbox 905 1387 948 1421; x_wconf 84' lang='lat' dir='ltr'><strong>et</strong></span> <span class='ocrx_word' id='word_1_144' title='bbox 965 1375 1069 1420; x_wconf 76' lang='lat' dir='ltr'>dura</span> <span class='ocrx_word' id='word_1_145' title='bbox 1091 1392 1102 1421; x_wconf 72' lang='grc' dir='ltr'>ε</span> <span class='ocrx_word' id='word_1_146' title='bbox 1120 1390 1168 1422; x_wconf 73' lang='lat' dir='ltr'>ut</span> <span class='ocrx_word' id='word_1_147' title='bbox 1187 1375 1391 1434; x_wconf 81' lang='lat' dir='ltr'>avaritia,</span> <span class='ocrx_word' id='word_1_148' title='bbox 1417 1387 1467 1424; x_wconf 82' lang='lat' dir='ltr'>ut</span> 
     </span>
     <span class='ocr_line' id='line_1_19' title="bbox 184 1445 1465 1510; baseline 0 -15"><span class='ocrx_word' id='word_1_149' title='bbox 184 1447 369 1495; x_wconf 74' lang='lat' dir='ltr'>ambitio</span> <span class='ocrx_word' id='word_1_150' title='bbox 399 1447 531 1493; x_wconf 88' lang='lat' dir='ltr'>nimia</span> <span class='ocrx_word' id='word_1_151' title='bbox 565 1464 575 1492; x_wconf 89' lang='lat'>:</span> <span class='ocrx_word' id='word_1_152' title='bbox 611 1445 840 1509; x_wconf 79' lang='lat' dir='ltr'>postquam</span> <span class='ocrx_word' id='word_1_153' title='bbox 874 1447 982 1493; x_wconf 86' lang='lat' dir='ltr'><strong>haec</strong></span> <span class='ocrx_word' id='word_1_154' title='bbox 1011 1446 1204 1493; x_wconf 78' lang='lat' dir='ltr'>animum</span> <span class='ocrx_word' id='word_1_155' title='bbox 1234 1448 1465 1510; x_wconf 80' lang='lat' dir='ltr'>implicue-</span> 
     </span>
     <span class='ocr_line' id='line_1_20' title="bbox 189 1519 1468 1584; baseline -0.002 -15"><span class='ocrx_word' id='word_1_156' title='bbox 189 1534 320 1578; x_wconf 81' lang='lat' dir='ltr'>runt,</span> <span class='ocrx_word' id='word_1_157' title='bbox 347 1534 390 1569; x_wconf 90' lang='lat' dir='ltr'><strong>et</strong></span> <span class='ocrx_word' id='word_1_158' title='bbox 419 1533 626 1584; x_wconf 72' lang='lat' dir='ltr'><strong>perpetua</strong></span> <span class='ocrx_word' id='word_1_159' title='bbox 651 1519 733 1566; x_wconf 73' lang='lat' dir='ltr'><strong>effe</strong></span> <span class='ocrx_word' id='word_1_160' title='bbox 754 1521 862 1566; x_wconf 87' lang='lat' dir='ltr'>mala</span> <span class='ocrx_word' id='word_1_161' title='bbox 881 1521 975 1567; x_wconf 86' lang='lat' dir='ltr'>eius</span> <span class='ocrx_word' id='word_1_162' title='bbox 1001 1533 1255 1584; x_wconf 68' lang='lat' dir='ltr'><strong>coeperunt.</strong></span> <span class='ocrx_word' id='word_1_163' title='bbox 1286 1525 1348 1569; x_wconf 91' lang='lat' dir='ltr'>Ut</span> <span class='ocrx_word' id='word_1_164' title='bbox 1368 1522 1468 1568; x_wconf 90' lang='lat' dir='ltr'><strong>bre-</strong></span> 
     </span>
     <span class='ocr_line' id='line_1_21' title="bbox 189 1591 1468 1657; baseline -0.001 -16"><span class='ocrx_word' id='word_1_165' title='bbox 189 1595 307 1641; x_wconf 79' lang='lat' dir='ltr'><strong>viter</strong></span> <span class='ocrx_word' id='word_1_166' title='bbox 339 1593 517 1650; x_wconf 82' lang='lat' dir='ltr'>finiam,</span> <span class='ocrx_word' id='word_1_167' title='bbox 550 1591 733 1639; x_wconf 84' lang='lat' dir='ltr'>morbus</span> <span class='ocrx_word' id='word_1_168' title='bbox 758 1592 818 1638; x_wconf 85' lang='lat' dir='ltr'>est</span> <span class='ocrx_word' id='word_1_169' title='bbox 850 1592 1060 1639; x_wconf 75' lang='lat' dir='ltr'>iudicium</span> <span class='ocrx_word' id='word_1_170' title='bbox 1093 1594 1136 1640; x_wconf 91' lang='lat' dir='ltr'>in</span> <span class='ocrx_word' id='word_1_171' title='bbox 1169 1609 1310 1656; x_wconf 84' lang='lat' dir='ltr'>pravo</span> <span class='ocrx_word' id='word_1_172' title='bbox 1334 1593 1468 1657; x_wconf 57' lang='lat' dir='ltr'><strong>penio</strong></span> 
     </span>
     <span class='ocr_line' id='line_1_22' title="bbox 188 1664 1468 1729; baseline -0.002 -16"><span class='ocrx_word' id='word_1_173' title='bbox 188 1683 302 1725; x_wconf 85' lang='lat' dir='ltr'>nax,</span> <span class='ocrx_word' id='word_1_174' title='bbox 337 1678 541 1729; x_wconf 85' lang='lat' dir='ltr'>tanquam</span> <span class='ocrx_word' id='word_1_175' title='bbox 573 1665 700 1712; x_wconf 87' lang='lat' dir='ltr'><strong>valde</strong></span> <span class='ocrx_word' id='word_1_176' title='bbox 738 1666 980 1728; x_wconf 83' lang='lat' dir='ltr'><strong>expetenda</strong></span> <span class='ocrx_word' id='word_1_177' title='bbox 1015 1664 1128 1722; x_wconf 86' lang='lat' dir='ltr'>fint,</span> <span class='ocrx_word' id='word_1_178' title='bbox 1165 1683 1276 1728; x_wconf 85' lang='lat' dir='ltr'>quae</span> <span class='ocrx_word' id='word_1_179' title='bbox 1311 1665 1468 1713; x_wconf 86' lang='lat' dir='ltr'><strong>leviter</strong></span> 
     </span>
     <span class='ocr_line' id='line_1_23' title="bbox 187 1733 1466 1801; baseline -0.002 -16"><span class='ocrx_word' id='word_1_180' title='bbox 187 1738 430 1801; x_wconf 80' lang='lat' dir='ltr'><strong>expetenda</strong></span> <span class='ocrx_word' id='word_1_181' title='bbox 460 1737 565 1783; x_wconf 65' lang='lat' dir='ltr'>sunt„</span> <span class='ocrx_word' id='word_1_182' title='bbox 595 1736 692 1794; x_wconf 84' lang='lat' dir='ltr'><strong>vel,</strong></span> <span class='ocrx_word' id='word_1_183' title='bbox 730 1736 758 1781; x_wconf 90' lang='lat' dir='ltr'>fi</span> <span class='ocrx_word' id='word_1_184' title='bbox 792 1735 956 1795; x_wconf 82' lang='lat' dir='ltr'>mavis,</span> <span class='ocrx_word' id='word_1_185' title='bbox 991 1736 1049 1783; x_wconf 87' lang='lat' dir='ltr'>ita</span> <span class='ocrx_word' id='word_1_186' title='bbox 1075 1733 1306 1783; x_wconf 76' lang='lat' dir='ltr'>finiamus:</span> <span class='ocrx_word' id='word_1_187' title='bbox 1338 1735 1466 1782; x_wconf 71' lang='lat' dir='ltr'>nimis</span> 
     </span>
     <span class='ocr_line' id='line_1_24' title="bbox 188 1806 1471 1870; baseline -0.002 -16"><span class='ocrx_word' id='word_1_188' title='bbox 188 1809 416 1855; x_wconf 83' lang='lat' dir='ltr'>imminere</span> <span class='ocrx_word' id='word_1_189' title='bbox 438 1807 594 1854; x_wconf 85' lang='lat' dir='ltr'><strong>leviter</strong></span> <span class='ocrx_word' id='word_1_190' title='bbox 619 1807 815 1870; x_wconf 77' lang='lat' dir='ltr'><strong>petendis</strong></span> <span class='ocrx_word' id='word_1_191' title='bbox 829 1841 842 1864; x_wconf 92' lang='lat'>,</span> <span class='ocrx_word' id='word_1_192' title='bbox 858 1807 930 1855; x_wconf 85' lang='lat' dir='ltr'><strong>vel</strong></span> <span class='ocrx_word' id='word_1_193' title='bbox 948 1824 1002 1854; x_wconf 86' lang='lat' dir='ltr'><strong>ex</strong></span> <span class='ocrx_word' id='word_1_194' title='bbox 1019 1818 1119 1853; x_wconf 86' lang='lat' dir='ltr'>toto</span> <span class='ocrx_word' id='word_1_195' title='bbox 1135 1822 1225 1852; x_wconf 90' lang='lat' dir='ltr'>non</span> <span class='ocrx_word' id='word_1_196' title='bbox 1244 1806 1439 1868; x_wconf 81' lang='lat' dir='ltr'><strong>petendis</strong></span> <span class='ocrx_word' id='word_1_197' title='bbox 1455 1842 1471 1865; x_wconf 92' lang='lat'>‚</span> 
     </span>
     <span class='ocr_line' id='line_1_25' title="bbox 187 1879 1468 1944; baseline -0.002 -15"><span class='ocrx_word' id='word_1_198' title='bbox 187 1882 324 1929; x_wconf 79' lang='lat' dir='ltr'>autin</span> <span class='ocrx_word' id='word_1_199' title='bbox 353 1897 515 1944; x_wconf 83' lang='lat' dir='ltr'>magno</span> <span class='ocrx_word' id='word_1_200' title='bbox 543 1881 687 1943; x_wconf 88' lang='lat' dir='ltr'><strong>pretio</strong></span> <span class='ocrx_word' id='word_1_201' title='bbox 710 1881 871 1928; x_wconf 87' lang='lat' dir='ltr'><strong>habere</strong></span> <span class='ocrx_word' id='word_1_202' title='bbox 899 1880 944 1926; x_wconf 84' lang='lat' dir='ltr'>in</span> <span class='ocrx_word' id='word_1_203' title='bbox 974 1879 1121 1941; x_wconf 87' lang='lat' dir='ltr'>aliquo</span> <span class='ocrx_word' id='word_1_204' title='bbox 1146 1879 1368 1937; x_wconf 84' lang='lat' dir='ltr'>habenda,</span> <span class='ocrx_word' id='word_1_205' title='bbox 1392 1879 1468 1927; x_wconf 83' lang='lat' dir='ltr'><strong>vel</strong></span> 
     </span>
     <span class='ocr_line' id='line_1_26' title="bbox 189 1951 1471 2014; baseline -0.001 -14"><span class='ocrx_word' id='word_1_206' title='bbox 189 1954 236 2001; x_wconf 87' lang='lat' dir='ltr'>in</span> <span class='ocrx_word' id='word_1_207' title='bbox 263 1953 395 1999; x_wconf 82' lang='lat' dir='ltr'>nullo.</span> <span class='ocrx_word' id='word_1_208' title='bbox 424 1952 609 1999; x_wconf 56' lang='lat' dir='ltr'>Affeuus</span> <span class='ocrx_word' id='word_1_209' title='bbox 627 1988 640 2009; x_wconf 95' lang='lat'>‚</span> <span class='ocrx_word' id='word_1_210' title='bbox 674 1951 773 1998; x_wconf 83' lang='lat' dir='ltr'>sunt</span> <span class='ocrx_word' id='word_1_211' title='bbox 796 1965 943 1999; x_wconf 86' lang='lat' dir='ltr'>motus</span> <span class='ocrx_word' id='word_1_212' title='bbox 972 1951 1103 1999; x_wconf 82' lang='lat' dir='ltr'>animi</span> <span class='ocrx_word' id='word_1_213' title='bbox 1133 1952 1471 2014; x_wconf 76' lang='lat' dir='ltr'>improbabiles,</span> 
     </span>
     <span class='ocr_line' id='line_1_27' title="bbox 190 2023 1468 2087; baseline 0 -16"><span class='ocrx_word' id='word_1_214' title='bbox 190 2024 318 2072; x_wconf 87' lang='lat' dir='ltr'>subiti</span> <span class='ocrx_word' id='word_1_215' title='bbox 349 2036 392 2070; x_wconf 88' lang='lat' dir='ltr'><strong>et</strong></span> <span class='ocrx_word' id='word_1_216' title='bbox 416 2023 624 2069; x_wconf 84' lang='lat' dir='ltr'>concitati</span> <span class='ocrx_word' id='word_1_217' title='bbox 648 2041 659 2069; x_wconf 90' lang='lat'>:</span> <span class='ocrx_word' id='word_1_218' title='bbox 688 2024 765 2086; x_wconf 88' lang='lat' dir='ltr'>qui</span> <span class='ocrx_word' id='word_1_219' title='bbox 795 2023 1041 2087; x_wconf 86' lang='lat' dir='ltr'><strong>frequentes</strong></span> <span class='ocrx_word' id='word_1_220' title='bbox 1071 2023 1340 2086; x_wconf 71' lang='lat' dir='ltr'><strong>negleffique</strong></span> <span class='ocrx_word' id='word_1_221' title='bbox 1358 2055 1372 2078; x_wconf 92' lang='lat'>,</span> <span class='ocrx_word' id='word_1_222' title='bbox 1401 2024 1468 2071; x_wconf 84' lang='lat' dir='ltr'><strong>fe-</strong></span> 
     </span>
     <span class='ocr_line' id='line_1_28' title="bbox 191 2093 1469 2151; baseline 0 -10"><span class='ocrx_word' id='word_1_223' title='bbox 191 2111 293 2142; x_wconf 85' lang='lat' dir='ltr'><strong>cere</strong></span> <span class='ocrx_word' id='word_1_224' title='bbox 312 2095 531 2140; x_wconf 84' lang='lat' dir='ltr'>morbum,</span> <span class='ocrx_word' id='word_1_225' title='bbox 550 2093 655 2140; x_wconf 86' lang='lat' dir='ltr'>ficut</span> <span class='ocrx_word' id='word_1_226' title='bbox 674 2094 891 2140; x_wconf 85' lang='lat' dir='ltr'>distillatio</span> <span class='ocrx_word' id='word_1_227' title='bbox 908 2110 992 2139; x_wconf 89' lang='lat' dir='ltr'>una</span> <span class='ocrx_word' id='word_1_228' title='bbox 1009 2127 1021 2151; x_wconf 84' lang='lat'>,</span> <span class='ocrx_word' id='word_1_229' title='bbox 1038 2109 1118 2139; x_wconf 87' lang='lat' dir='ltr'><strong>nec</strong></span> <span class='ocrx_word' id='word_1_230' title='bbox 1140 2093 1282 2140; x_wconf 88' lang='lat' dir='ltr'>adhuc</span> <span class='ocrx_word' id='word_1_231' title='bbox 1301 2095 1344 2140; x_wconf 91' lang='lat' dir='ltr'>in</span> <span class='ocrx_word' id='word_1_232' title='bbox 1365 2111 1469 2141; x_wconf 56' lang='lat' dir='ltr'>mo*</span> 
     </span>
     <span class='ocr_line' id='line_1_29' title="bbox 190 2165 1469 2228; baseline -0.001 -14"><span class='ocrx_word' id='word_1_233' title='bbox 190 2183 284 2214; x_wconf 86' lang='lat' dir='ltr'>rem</span> <span class='ocrx_word' id='word_1_234' title='bbox 302 2166 498 2223; x_wconf 57' lang='lat' dir='ltr'>addufffta,</span> <span class='ocrx_word' id='word_1_235' title='bbox 523 2165 663 2212; x_wconf 85' lang='lat' dir='ltr'>tuffim</span> <span class='ocrx_word' id='word_1_236' title='bbox 684 2165 820 2222; x_wconf 86' lang='lat' dir='ltr'>facit;</span> <span class='ocrx_word' id='word_1_237' title='bbox 849 2166 1006 2212; x_wconf 78' lang='lat' dir='ltr'>affidua</span> <span class='ocrx_word' id='word_1_238' title='bbox 1032 2177 1074 2212; x_wconf 90' lang='lat' dir='ltr'><strong>et</strong></span> <span class='ocrx_word' id='word_1_239' title='bbox 1099 2178 1247 2223; x_wconf 87' lang='lat' dir='ltr'><strong>vetus,</strong></span> <span class='ocrx_word' id='word_1_240' title='bbox 1266 2165 1469 2228; x_wconf 68' lang='lat' dir='ltr'>phthisin,</span> 
     </span>
     <span class='ocr_line' id='line_1_30' title="bbox 191 2239 1467 2303; baseline -0.001 -16"><span class='ocrx_word' id='word_1_241' title='bbox 191 2244 340 2303; x_wconf 82' lang='lat' dir='ltr'>Itaque</span> <span class='ocrx_word' id='word_1_242' title='bbox 359 2240 433 2302; x_wconf 84' lang='lat' dir='ltr'>qui</span> <span class='ocrx_word' id='word_1_243' title='bbox 455 2240 687 2302; x_wconf 80' lang='lat' dir='ltr'>plurimum</span> <span class='ocrx_word' id='word_1_244' title='bbox 708 2239 938 2302; x_wconf 84' lang='lat' dir='ltr'><strong>profecere</strong></span> <span class='ocrx_word' id='word_1_245' title='bbox 955 2273 968 2294; x_wconf 96' lang='lat'>,</span> <span class='ocrx_word' id='word_1_246' title='bbox 1002 2253 1120 2285; x_wconf 83' lang='lat' dir='ltr'><strong>extra</strong></span> <span class='ocrx_word' id='word_1_247' title='bbox 1141 2239 1321 2285; x_wconf 87' lang='lat' dir='ltr'>morbos</span> <span class='ocrx_word' id='word_1_248' title='bbox 1340 2239 1467 2286; x_wconf 78' lang='lat' dir='ltr'>sunt:</span> 
     </span>
     <span class='ocr_line' id='line_1_31' title="bbox 189 2310 1467 2373; baseline -0.001 -14"><span class='ocrx_word' id='word_1_249' title='bbox 189 2311 369 2359; x_wconf 60' lang='lat' dir='ltr'>affefflus</span> <span class='ocrx_word' id='word_1_250' title='bbox 388 2312 532 2357; x_wconf 83' lang='lat' dir='ltr'>adhuc</span> <span class='ocrx_word' id='word_1_251' title='bbox 549 2311 760 2365; x_wconf 89' lang='lat' dir='ltr'>sentiunt,</span> <span class='ocrx_word' id='word_1_252' title='bbox 779 2311 976 2372; x_wconf 70' lang='lat' dir='ltr'><strong>perfeflo</strong></span> <span class='ocrx_word' id='word_1_253' title='bbox 995 2310 1203 2373; x_wconf 82' lang='lat' dir='ltr'>proximi.</span> <span class='ocrx_word' id='word_1_254' title='bbox 1219 2312 1467 2358; x_wconf 87' lang='lat' dir='ltr'>Secundum</span> 
     </span>
     <span class='ocr_line' id='line_1_32' title="bbox 192 2378 1466 2448; baseline -0.002 -17"><span class='ocrx_word' id='word_1_255' title='bbox 192 2401 326 2448; x_wconf 86' lang='lat' dir='ltr'><strong>genus</strong></span> <span class='ocrx_word' id='word_1_256' title='bbox 350 2383 411 2430; x_wconf 88' lang='lat' dir='ltr'><strong>est</strong></span> <span class='ocrx_word' id='word_1_257' title='bbox 434 2401 587 2430; x_wconf 85' lang='lat' dir='ltr'>eorum</span> <span class='ocrx_word' id='word_1_258' title='bbox 606 2416 620 2440; x_wconf 92' lang='lat'>,</span> <span class='ocrx_word' id='word_1_259' title='bbox 644 2385 719 2447; x_wconf 87' lang='lat' dir='ltr'>qui</span> <span class='ocrx_word' id='word_1_260' title='bbox 745 2396 787 2430; x_wconf 88' lang='lat' dir='ltr'><strong>et</strong></span> <span class='ocrx_word' id='word_1_261' title='bbox 815 2384 1004 2430; x_wconf 83' lang='lat' dir='ltr'>maxima</span> <span class='ocrx_word' id='word_1_262' title='bbox 1028 2384 1162 2430; x_wconf 84' lang='lat' dir='ltr'>animi</span> <span class='ocrx_word' id='word_1_263' title='bbox 1193 2383 1303 2429; x_wconf 80' lang='lat' dir='ltr'>mala</span> <span class='ocrx_word' id='word_1_264' title='bbox 1325 2397 1369 2430; x_wconf 91' lang='lat' dir='ltr'><strong>et</strong></span> <span class='ocrx_word' id='word_1_265' title='bbox 1399 2378 1466 2429; x_wconf 75' lang='lat' dir='ltr'>af·</span> 
     </span>
    </p>
   </div>
   <div class='ocr_carea' id='block_1_6' title="bbox 191 2456 1470 2523">
    <p class='ocr_par' dir='ltr' id='par_1_6' title="bbox 191 2456 1470 2523">
     <span class='ocr_line' id='line_1_33' title="bbox 191 2456 1470 2523; baseline 0.002 -18"><span class='ocrx_word' id='word_1_266' title='bbox 191 2458 329 2508; x_wconf 71' lang='lat' dir='ltr'><strong>feEtus</strong></span> <span class='ocrx_word' id='word_1_267' title='bbox 350 2458 644 2523; x_wconf 83' lang='lat' dir='ltr'><strong>deposuerunt</strong></span> <span class='ocrx_word' id='word_1_268' title='bbox 656 2492 672 2519; x_wconf 88' lang='lat'>‚</span> <span class='ocrx_word' id='word_1_269' title='bbox 688 2458 760 2506; x_wconf 86' lang='lat' dir='ltr'><strong>sed</strong></span> <span class='ocrx_word' id='word_1_270' title='bbox 777 2459 837 2505; x_wconf 86' lang='lat' dir='ltr'>ita</span> <span class='ocrx_word' id='word_1_271' title='bbox 853 2493 867 2519; x_wconf 91' lang='lat'>‚</span> <span class='ocrx_word' id='word_1_272' title='bbox 886 2471 934 2505; x_wconf 90' lang='lat' dir='ltr'>ut</span> <span class='ocrx_word' id='word_1_273' title='bbox 951 2474 1043 2505; x_wconf 79' lang='lat' dir='ltr'>non</span> <span class='ocrx_word' id='word_1_274' title='bbox 1065 2456 1117 2507; x_wconf 79' lang='lat' dir='ltr'>fit</span> <span class='ocrx_word' id='word_1_275' title='bbox 1134 2457 1216 2505; x_wconf 84' lang='lat' dir='ltr'>illis</span> <span class='ocrx_word' id='word_1_276' title='bbox 1235 2457 1470 2508; x_wconf 77' lang='lat' dir='ltr'>securitatis</span> 
     </span>
    </p>
   </div>
  </div>
 </body>
</html>
