1807 3004
510 186 1090 240 EPIST-OLAE.
1379 200 1440 254 99

161 314 252 347 erat
270 287 421 347 blanda
435 333 450 356 ‚
466 313 557 344 non
576 307 720 342 tamen
744 296 919 359 publica
939 312 949 340 :
969 309 1010 341 at
1028 294 1132 340 haec
1151 305 1263 356 quae
1280 292 1442 342 timen-

163 375 215 419 da
243 373 303 419 est
323 408 335 429 ,
359 388 449 417 non
469 387 523 417 ex
548 385 639 416 uno
662 368 846 431 scopulo
866 405 877 424 ‚
904 369 975 415 sed
1003 384 1057 414 ex
1081 366 1206 412 omni
1225 381 1441 414 terrarum

165 462 284 508 parte
304 442 610 490 circumsonat.
642 441 978 487 Praetervehere
1013 440 1159 503 itaque
1184 455 1275 484 non
1303 456 1443 486 unum

164 520 314 564 locum
341 515 540 562 infidiosa
558 514 786 578 voluptate
807 514 1046 577 suspectum
1063 548 1076 568 ,
1108 511 1178 559 sed
1197 518 1351 559 omnes
1367 529 1445 558 ur⁴

164 591 238 636 bes
257 607 268 636 t
288 589 460 635 surdum
489 603 531 634 te
551 586 844 633 amantiffimis
865 586 927 633 tui
948 585 1123 648 praesta.
1146 587 1274 632 Bono
1293 585 1443 631 animo

166 663 278 710 male
304 675 550 718 precantur.
569 674 609 707 et
627 661 656 707 fi
679 662 747 708 vis
767 661 850 707 effe
867 661 973 708 felix
987 697 1000 718 ,
1022 662 1128 707 deos
1147 677 1246 715 ora,
1268 677 1321 707 ne
1338 659 1447 723 quid

165 735 245 781 tibi
260 752 315 780 ex
332 734 396 780 his
419 750 527 797 quae
547 746 752 795 optantur
766 734 952 780 eveniat.
970 735 1077 780 Non
1095 734 1190 779 sunt
1207 733 1282 779 ista
1297 732 1415 779 bona
1428 767 1444 790 ,

166 823 276 870 quae
304 805 350 850 in
379 820 422 852 te
453 805 518 851 isti
548 806 703 853 volunt
733 806 912 870 congeri
938 825 948 852 :
981 823 1116 852 unum
1149 805 1318 851 bonum
1348 805 1440 860 est,

164 878 290 940 quod
312 877 460 923 beatae
479 877 594 924 vitae
613 878 735 924 causa
755 890 798 925 et
819 877 1144 925 firmamentum
1171 876 1233 925 est
1250 913 1263 937 ‚
1292 877 1369 923 fibi
1392 877 1449 930 fif

163 950 282 996 dere.
309 950 410 996 Hoc
440 961 583 995 autem
617 949 873 1011 contingere
901 965 990 995 non
1023 948 1197 1010 potest,
1227 947 1305 994 nifi
1335 965 1448 997 con-

167 1036 326 1070 temtus
347 1022 406 1068 est
424 1022 568 1080 labor,
594 1035 637 1068 et
666 1023 711 1068 in
729 1039 881 1068 eorum
909 1038 1094 1068 numero
1117 1021 1314 1080 habitus,
1335 1037 1449 1083 quae

168 1111 312 1157 neque
338 1095 453 1139 bona
471 1094 566 1140 sunt
580 1125 595 1149 ,
616 1110 756 1156 neque
776 1094 898 1139 maia.
921 1093 1030 1139 Fieri
1049 1092 1165 1138 enim
1182 1092 1273 1140 non
1289 1093 1451 1157 potest,

168 1180 218 1213 ut
241 1183 325 1212 una
343 1182 408 1212 res
438 1167 577 1212 modo
597 1166 710 1212 mala
735 1166 810 1224 fit,
839 1167 978 1211 modo
1004 1165 1151 1213 bona:
1171 1165 1311 1211 modo
1337 1165 1450 1213 levis

169 1251 214 1286 et
245 1238 500 1301 perferenda
522 1273 536 1294 ‚
567 1239 708 1284 modo
739 1237 1080 1302 expavescenda.
1111 1237 1255 1283 Labor
1279 1238 1449 1285 bonum
1508 1232 1516 1237 ’

169 1329 262 1359 non
289 1312 362 1358 est.
392 1312 500 1374 quid
526 1328 633 1375 ergo
668 1309 729 1356 est
755 1311 962 1357 bonum?
993 1311 1155 1357 laboris
1189 1311 1450 1358 contemtio·

170 1387 322 1443 ltaque
339 1383 383 1429 in
401 1400 565 1431 vanum
586 1383 799 1445 operosos
819 1383 1103 1446 cuipaverim.
1127 1383 1273 1429 rursus
1290 1384 1343 1428 ad
1360 1383 1450 1429 'no-

171 1455 287 1502 nesta
307 1454 487 1502 nitentes
502 1490 515 1511 ‚
542 1468 707 1516 quanto
728 1455 861 1518 magis
887 1455 1192 1512 incubuerint,
1222 1455 1449 1519 minusque

170 1530 247 1577 fibi
268 1530 458 1578 vinciae
483 1529 658 1593 strigare
684 1530 955 1593 permiserint
972 1565 984 1589 ‚
1012 1531 1263 1579 admirabor
1287 1543 1330 1578 et
1357 1532 1449 1577 cla-

173 1601 334 1656 mabo,
371 1601 520 1649 Tanto
558 1599 716 1647 melior
756 1599 882 1664 surge
912 1614 954 1648 et
985 1603 1143 1665 respira
1172 1621 1183 1648 ε
1210 1618 1253 1650 et
1281 1603 1449 1650 clivum

173 1673 299 1720 istum
317 1689 407 1719 uno
421 1708 433 1729 ‚
454 1673 485 1718 fi
505 1689 630 1755 potes
645 1706 659 1729 ‚
681 1672 828 1735 spiritu
849 1674 1068 1736 exsupera.
1085 1674 1336 1721 Generosos
1353 1675 1450 1720 ani-

174 1764 272 1795 mos
300 1746 428 1793 labor
447 1746 596 1794 nutrit,
626 1749 731 1795 Non
764 1745 825 1793 est
853 1763 959 1811 ergo
978 1747 1102 1810 quod
1131 1764 1183 1793 ex
1208 1748 1286 1794 illo
1306 1748 1450 1795 veteri

174 1835 289 1869 voto
314 1832 545 1882 parentum
572 1831 750 1868 tuorum
778 1819 939 1883 eligas,
969 1819 1077 1883 quid
1101 1820 1353 1884 contingere
1371 1820 1453 1867 tibi

174 1892 307 1950 velis,
326 1892 431 1956 quid
454 1905 608 1954 optes:
630 1905 672 1940 et
686 1892 732 1939 in
752 1904 926 1949 totum,
946 1893 1030 1940 iam
1051 1909 1128 1954 per
1147 1895 1263 1939 maxi
1266 1910 1335 1940 ma
1354 1895 1452 1940 aeto

175 1966 278 2014 viro
303 1978 428 2026 turpe
455 1964 545 2023 est,·
576 1965 815 2012 etiamnum
845 1966 951 2013 deos
979 1966 1168 2030 fatigare.
1190 1966 1313 2027 Quid
1332 1966 1452 2014 votis

178 2055 291 2102 opus
311 2038 400 2085 est?
417 2036 487 2086 fac
507 2050 549 2085 et
569 2050 610 2085 te
628 2038 716 2101 ipse
735 2038 918 2086 felicem.
935 2037 1065 2085 facies
1085 2054 1253 2096 autem,
1276 2038 1305 2084 fi
1323 2038 1453 2086 intel-

177 2113 333 2160 lexeris
352 2113 469 2159 bona
493 2111 576 2159 esse
591 2145 604 2169 ,
637 2113 792 2176 quibus
809 2112 1001 2158 admixta
1020 2112 1080 2159 est
1097 2112 1264 2160 virtus:
1283 2113 1424 2175 turpia
1439 2148 1455 2170 ,

177 2185 339 2247 quibus
370 2184 529 2231 malitia
554 2185 785 2234 coniuncta
817 2183 892 2231 est.
935 2184 1331 2246 Quemadmodum
1364 2185 1455 2232 fine

179 2257 366 2305 mixtura
397 2256 503 2303 lucis
532 2256 636 2304 nihil
657 2252 924 2320 splendidum
945 2258 1006 2304 est
1028 2273 1039 2302 ε
1058 2257 1162 2304 nihil
1178 2269 1316 2304 atrum
1331 2294 1346 2316 ,
1377 2254 1455 2305 nisi

180 2331 306 2394 quod
319 2330 516 2377 tenebras
534 2330 686 2388 habet,
705 2343 776 2377 aut
795 2330 958 2393 aliquid
976 2330 1021 2375 in
1039 2329 1081 2376 se
1104 2329 1234 2376 traxit
1251 2329 1451 2377 obscuri?

180 2403 554 2467 quemadmodum
589 2402 676 2449 fine
710 2403 933 2450 adiutorio
972 2402 1113 2465 ignis,
1133 2402 1239 2448 nihil
1264 2403 1453 2450 calidum

181 2475 271 2536 est,
290 2476 397 2523 nihil
424 2474 512 2524 fine
532 2477 632 2525 a'e're
657 2476 864 2540 frigidum
890 2494 902 2524 :
934 2476 992 2524 ita
1017 2474 1196 2523 honesta
1221 2486 1264 2522 et
1282 2476 1424 2539 turpia
1439 2510 1458 2536 ,

973 2547 975 2549 ’
1121 2549 1166 2594 G
1203 2563 1229 2594 2-
