<?xml version="1.0" encoding="UTF-8"?>
<!DOCTYPE html PUBLIC "-//W3C//DTD XHTML 1.0 Transitional//EN"
    "http://www.w3.org/TR/xhtml1/DTD/xhtml1-transitional.dtd">
<html xmlns="http://www.w3.org/1999/xhtml" xml:lang="en" lang="en">
 <head>
  <title>
</title>
<meta http-equiv="Content-Type" content="text/html;charset=utf-8" />
  <meta name='ocr-system' content='tesseract 3.04.00' />
  <meta name='ocr-capabilities' content='ocr_page ocr_carea ocr_par ocr_line ocrx_word'/>
</head>
<body>
  <div class='ocr_page' id='page_1' title='image "./lannaeisenecaeph03seneuoft_0076.png"; bbox 0 0 1807 3004; ppageno 0'>
   <div class='ocr_carea' id='block_1_1' title="bbox 304 198 1364 248">
    <p class='ocr_par' dir='ltr' id='par_1_1' title="bbox 304 198 1364 248">
     <span class='ocr_line' id='line_1_1' title="bbox 304 198 1364 248; baseline -0.006 0"><span class='ocrx_word' id='word_1_1' title='bbox 304 201 364 248; x_wconf 75' lang='lat'>68</span> <span class='ocrx_word' id='word_1_2' title='bbox 566 201 614 247; x_wconf 90' lang='lat' dir='ltr'>L.</span> <span class='ocrx_word' id='word_1_3' title='bbox 657 199 958 245; x_wconf 70' lang='lat' dir='ltr'>ANNAEI</span> <span class='ocrx_word' id='word_1_4' title='bbox 1009 198 1364 243; x_wconf 84' lang='lat' dir='ltr'><strong>SENECAE</strong></span> 
     </span>
    </p>
   </div>
   <div class='ocr_carea' id='block_1_2' title="bbox 302 304 1610 2557">
    <p class='ocr_par' dir='ltr' id='par_1_2' title="bbox 302 304 1610 2557">
     <span class='ocr_line' id='line_1_2' title="bbox 302 304 1588 366; baseline -0.002 -12"><span class='ocrx_word' id='word_1_5' title='bbox 302 307 486 354; x_wconf 73' lang='lat' dir='ltr'>&#39;timidus</span> <span class='ocrx_word' id='word_1_6' title='bbox 521 306 580 351; x_wconf 80' lang='lat' dir='ltr'>est</span> <span class='ocrx_word' id='word_1_7' title='bbox 598 342 610 363; x_wconf 83' lang='lat'>,</span> <span class='ocrx_word' id='word_1_8' title='bbox 645 319 692 352; x_wconf 85' lang='lat' dir='ltr'>ut</span> <span class='ocrx_word' id='word_1_9' title='bbox 721 304 840 350; x_wconf 84' lang='lat' dir='ltr'>malit</span> <span class='ocrx_word' id='word_1_10' title='bbox 869 305 1035 366; x_wconf 83' lang='lat' dir='ltr'>semper</span> <span class='ocrx_word' id='word_1_11' title='bbox 1066 305 1278 366; x_wconf 79' lang='lat' dir='ltr'>pendere,</span> <span class='ocrx_word' id='word_1_12' title='bbox 1306 321 1434 366; x_wconf 84' lang='lat' dir='ltr'>quam</span> <span class='ocrx_word' id='word_1_13' title='bbox 1461 305 1588 351; x_wconf 84' lang='lat' dir='ltr'>semel</span> 
     </span>
     <span class='ocr_line' id='line_1_3' title="bbox 305 376 1586 439; baseline -0.002 -15"><span class='ocrx_word' id='word_1_14' title='bbox 305 378 472 424; x_wconf 57' lang='lat' dir='ltr'>carlere.</span> <span class='ocrx_word' id='word_1_15' title='bbox 494 378 664 422; x_wconf 83' lang='lat' dir='ltr'>[nterim</span> <span class='ocrx_word' id='word_1_16' title='bbox 679 412 691 432; x_wconf 89' lang='lat'>‚</span> <span class='ocrx_word' id='word_1_17' title='bbox 712 377 835 439; x_wconf 86' lang='lat' dir='ltr'>quod</span> <span class='ocrx_word' id='word_1_18' title='bbox 856 376 1043 437; x_wconf 69' lang='lat' dir='ltr'>primum</span> <span class='ocrx_word' id='word_1_19' title='bbox 1065 376 1146 432; x_wconf 85' lang='lat' dir='ltr'>est,</span> <span class='ocrx_word' id='word_1_20' title='bbox 1171 377 1383 437; x_wconf 86' lang='lat' dir='ltr'>impedire</span> <span class='ocrx_word' id='word_1_21' title='bbox 1408 391 1450 422; x_wconf 86' lang='lat' dir='ltr'>te</span> <span class='ocrx_word' id='word_1_22' title='bbox 1474 379 1586 423; x_wconf 77' lang='lat' dir='ltr'>noli:</span> 
     </span>
     <span class='ocr_line' id='line_1_4' title="bbox 307 449 1589 512; baseline 0 -16"><span class='ocrx_word' id='word_1_23' title='bbox 307 462 541 496; x_wconf 85' lang='lat' dir='ltr'>contentus</span> <span class='ocrx_word' id='word_1_24' title='bbox 553 450 644 495; x_wconf 90' lang='lat' dir='ltr'>esto</span> <span class='ocrx_word' id='word_1_25' title='bbox 663 449 849 512; x_wconf 81' lang='lat' dir='ltr'>negotiis</span> <span class='ocrx_word' id='word_1_26' title='bbox 866 481 879 503; x_wconf 90' lang='lat'><strong>‚</strong></span> <span class='ocrx_word' id='word_1_27' title='bbox 896 450 935 493; x_wconf 88' lang='lat' dir='ltr'>in</span> <span class='ocrx_word' id='word_1_28' title='bbox 954 466 1063 509; x_wconf 80' lang='lat' dir='ltr'>quae</span> <span class='ocrx_word' id='word_1_29' title='bbox 1082 449 1332 494; x_wconf 76' lang='lat' dir='ltr'>delcendisti</span> <span class='ocrx_word' id='word_1_30' title='bbox 1347 484 1359 502; x_wconf 88' lang='lat'><strong>‚</strong></span> <span class='ocrx_word' id='word_1_31' title='bbox 1382 450 1453 494; x_wconf 85' lang='lat' dir='ltr'>vel</span> <span class='ocrx_word' id='word_1_32' title='bbox 1467 451 1589 511; x_wconf 84' lang='lat' dir='ltr'>quod</span> 
     </span>
     <span class='ocr_line' id='line_1_5' title="bbox 311 520 1592 584; baseline 0.001 -16"><span class='ocrx_word' id='word_1_33' title='bbox 311 522 453 569; x_wconf 83' lang='lat' dir='ltr'>videri</span> <span class='ocrx_word' id='word_1_34' title='bbox 480 523 647 579; x_wconf 81' lang='lat' dir='ltr'>mavis,</span> <span class='ocrx_word' id='word_1_35' title='bbox 678 521 878 567; x_wconf 83' lang='lat' dir='ltr'>incidisti.</span> <span class='ocrx_word' id='word_1_36' title='bbox 925 523 1028 567; x_wconf 89' lang='lat' dir='ltr'>Non</span> <span class='ocrx_word' id='word_1_37' title='bbox 1057 520 1118 567; x_wconf 88' lang='lat' dir='ltr'>est</span> <span class='ocrx_word' id='word_1_38' title='bbox 1152 522 1271 584; x_wconf 81' lang='lat' dir='ltr'>quod</span> <span class='ocrx_word' id='word_1_39' title='bbox 1306 523 1356 567; x_wconf 87' lang='lat' dir='ltr'>ad</span> <span class='ocrx_word' id='word_1_40' title='bbox 1388 523 1592 569; x_wconf 77' lang='lat' dir='ltr'>ulteriora</span> 
     </span>
     <span class='ocr_line' id='line_1_6' title="bbox 312 594 1593 657; baseline 0.002 -16"><span class='ocrx_word' id='word_1_41' title='bbox 312 595 471 641; x_wconf 81' lang='lat' dir='ltr'>nitaris.</span> <span class='ocrx_word' id='word_1_42' title='bbox 515 607 588 640; x_wconf 86' lang='lat' dir='ltr'>aut</span> <span class='ocrx_word' id='word_1_43' title='bbox 623 595 780 656; x_wconf 85' lang='lat' dir='ltr'>perdes</span> <span class='ocrx_word' id='word_1_44' title='bbox 816 594 1173 651; x_wconf 68' lang='lat' dir='ltr'>excusationem,</span> <span class='ocrx_word' id='word_1_45' title='bbox 1209 607 1251 639; x_wconf 91' lang='lat' dir='ltr'>et</span> <span class='ocrx_word' id='word_1_46' title='bbox 1290 597 1512 657; x_wconf 71' lang='lat' dir='ltr'>apparebit</span> <span class='ocrx_word' id='word_1_47' title='bbox 1551 610 1593 643; x_wconf 86' lang='lat' dir='ltr'>te</span> 
     </span>
     <span class='ocr_line' id='line_1_7' title="bbox 310 665 1587 728; baseline 0.002 -16"><span class='ocrx_word' id='word_1_48' title='bbox 310 682 403 712; x_wconf 90' lang='lat' dir='ltr'>non</span> <span class='ocrx_word' id='word_1_49' title='bbox 433 666 643 712; x_wconf 79' lang='lat' dir='ltr'>incidiffe..</span> <span class='ocrx_word' id='word_1_50' title='bbox 671 666 747 712; x_wconf 84' lang='lat' dir='ltr'>Ista</span> <span class='ocrx_word' id='word_1_51' title='bbox 778 665 893 712; x_wconf 84' lang='lat' dir='ltr'>enim</span> <span class='ocrx_word' id='word_1_52' title='bbox 923 683 1033 728; x_wconf 84' lang='lat' dir='ltr'>quae</span> <span class='ocrx_word' id='word_1_53' title='bbox 1058 666 1144 713; x_wconf 88' lang='lat' dir='ltr'>dici</span> <span class='ocrx_word' id='word_1_54' title='bbox 1167 667 1330 723; x_wconf 84' lang='lat' dir='ltr'>solent,</span> <span class='ocrx_word' id='word_1_55' title='bbox 1358 667 1453 713; x_wconf 76' lang='lat' dir='ltr'>falsa</span> <span class='ocrx_word' id='word_1_56' title='bbox 1474 669 1587 715; x_wconf 87' lang='lat' dir='ltr'>sunt:</span> 
     </span>
     <span class='ocr_line' id='line_1_8' title="bbox 310 738 1593 800; baseline 0.002 -15"><span class='ocrx_word' id='word_1_57' title='bbox 310 741 417 785; x_wconf 89' lang='lat' dir='ltr'>Non</span> <span class='ocrx_word' id='word_1_58' title='bbox 437 738 566 800; x_wconf 86' lang='lat' dir='ltr'>potui</span> <span class='ocrx_word' id='word_1_59' title='bbox 594 738 728 784; x_wconf 84' lang='lat' dir='ltr'>aliter.</span> <span class='ocrx_word' id='word_1_60' title='bbox 748 739 872 798; x_wconf 79' lang='lat' dir='ltr'>Quid</span> <span class='ocrx_word' id='word_1_61' title='bbox 893 738 921 783; x_wconf 90' lang='lat' dir='ltr'>s1</span> <span class='ocrx_word' id='word_1_62' title='bbox 944 739 1102 784; x_wconf 85' lang='lat' dir='ltr'>nollem</span> <span class='ocrx_word' id='word_1_63' title='bbox 1122 739 1138 784; x_wconf 89' lang='lat'>?</span> <span class='ocrx_word' id='word_1_64' title='bbox 1167 738 1330 784; x_wconf 69' lang='lat' dir='ltr'>nece-sse</span> <span class='ocrx_word' id='word_1_65' title='bbox 1350 751 1452 784; x_wconf 85' lang='lat' dir='ltr'>erat.</span> <span class='ocrx_word' id='word_1_66' title='bbox 1474 741 1593 787; x_wconf 74' lang='lat' dir='ltr'>Nulli</span> 
     </span>
     <span class='ocr_line' id='line_1_9' title="bbox 310 808 1593 873; baseline 0.002 -17"><span class='ocrx_word' id='word_1_67' title='bbox 310 809 480 856; x_wconf 83' lang='lat' dir='ltr'>necesse</span> <span class='ocrx_word' id='word_1_68' title='bbox 504 808 588 867; x_wconf 82' lang='lat' dir='ltr'>est,</span> <span class='ocrx_word' id='word_1_69' title='bbox 612 809 864 856; x_wconf 75' lang='lat' dir='ltr'>felicitatem</span> <span class='ocrx_word' id='word_1_70' title='bbox 890 811 1014 856; x_wconf 86' lang='lat' dir='ltr'>cursu</span> <span class='ocrx_word' id='word_1_71' title='bbox 1035 809 1153 873; x_wconf 82' lang='lat' dir='ltr'>sequi</span> <span class='ocrx_word' id='word_1_72' title='bbox 1176 829 1186 856; x_wconf 89' lang='lat'>:</span> <span class='ocrx_word' id='word_1_73' title='bbox 1212 810 1271 855; x_wconf 87' lang='lat' dir='ltr'>est</span> <span class='ocrx_word' id='word_1_74' title='bbox 1295 811 1484 873; x_wconf 73' lang='lat' dir='ltr'>aliquid,</span> <span class='ocrx_word' id='word_1_75' title='bbox 1509 813 1593 859; x_wconf 81' lang='lat' dir='ltr'>eti-</span> 
     </span>
     <span class='ocr_line' id='line_1_10' title="bbox 308 881 1592 945; baseline 0.003 -18"><span class='ocrx_word' id='word_1_76' title='bbox 308 898 380 928; x_wconf 78' lang='lat' dir='ltr'>am</span> <span class='ocrx_word' id='word_1_77' title='bbox 412 882 440 927; x_wconf 84' lang='lat' dir='ltr'>sl</span> <span class='ocrx_word' id='word_1_78' title='bbox 471 898 561 927; x_wconf 86' lang='lat' dir='ltr'>non</span> <span class='ocrx_word' id='word_1_79' title='bbox 593 898 835 945; x_wconf 78' lang='lat' dir='ltr'>repugnare</span> <span class='ocrx_word' id='word_1_80' title='bbox 854 918 866 938; x_wconf 91' lang='lat'>‚</span> <span class='ocrx_word' id='word_1_81' title='bbox 895 881 1113 929; x_wconf 76' lang='lat' dir='ltr'>subfistere</span> <span class='ocrx_word' id='word_1_82' title='bbox 1131 918 1143 939; x_wconf 89' lang='lat'><strong><em>‚</em></strong></span> <span class='ocrx_word' id='word_1_83' title='bbox 1164 900 1242 929; x_wconf 86' lang='lat' dir='ltr'>nec</span> <span class='ocrx_word' id='word_1_84' title='bbox 1268 883 1420 929; x_wconf 73' lang='lat' dir='ltr'>instare</span> <span class='ocrx_word' id='word_1_85' title='bbox 1446 882 1592 931; x_wconf 85' lang='lat' dir='ltr'>fortu-</span> 
     </span>
     <span class='ocr_line' id='line_1_11' title="bbox 311 953 1595 1017; baseline 0.003 -17"><span class='ocrx_word' id='word_1_86' title='bbox 311 971 392 1001; x_wconf 86' lang='lat' dir='ltr'>nae</span> <span class='ocrx_word' id='word_1_87' title='bbox 415 953 583 1001; x_wconf 86' lang='lat' dir='ltr'>ferenti.</span> <span class='ocrx_word' id='word_1_88' title='bbox 602 955 830 1017; x_wconf 78' lang='lat' dir='ltr'>Numquid</span> <span class='ocrx_word' id='word_1_89' title='bbox 857 955 1096 1000; x_wconf 74' lang='lat' dir='ltr'>offenderis</span> <span class='ocrx_word' id='word_1_90' title='bbox 1111 991 1122 1011; x_wconf 91' lang='lat'><strong>‚</strong></span> <span class='ocrx_word' id='word_1_91' title='bbox 1147 954 1174 998; x_wconf 79' lang='lat' dir='ltr'>st</span> <span class='ocrx_word' id='word_1_92' title='bbox 1198 955 1240 999; x_wconf 85' lang='lat' dir='ltr'>in</span> <span class='ocrx_word' id='word_1_93' title='bbox 1256 955 1482 1001; x_wconf 81' lang='lat' dir='ltr'>eonsilium</span> <span class='ocrx_word' id='word_1_94' title='bbox 1503 973 1595 1004; x_wconf 87' lang='lat' dir='ltr'>non</span> 
     </span>
     <span class='ocr_line' id='line_1_12' title="bbox 312 1029 1595 1093; baseline 0.002 -18"><span class='ocrx_word' id='word_1_95' title='bbox 312 1029 449 1076; x_wconf 82' lang='lat' dir='ltr'>venio</span> <span class='ocrx_word' id='word_1_96' title='bbox 479 1042 678 1087; x_wconf 87' lang='lat' dir='ltr'>tantum,</span> <span class='ocrx_word' id='word_1_97' title='bbox 702 1029 774 1075; x_wconf 84' lang='lat' dir='ltr'>sed</span> <span class='ocrx_word' id='word_1_98' title='bbox 807 1030 1016 1077; x_wconf 84' lang='lat' dir='ltr'>advoco?</span> <span class='ocrx_word' id='word_1_99' title='bbox 1046 1043 1091 1076; x_wconf 89' lang='lat' dir='ltr'>et</span> <span class='ocrx_word' id='word_1_100' title='bbox 1125 1031 1303 1093; x_wconf 86' lang='lat' dir='ltr'>quidem</span> <span class='ocrx_word' id='word_1_101' title='bbox 1335 1031 1595 1091; x_wconf 86' lang='lat' dir='ltr'>prudentio-</span> 
     </span>
     <span class='ocr_line' id='line_1_13' title="bbox 311 1102 1596 1168; baseline 0.002 -19"><span class='ocrx_word' id='word_1_102' title='bbox 311 1119 381 1149; x_wconf 81' lang='lat' dir='ltr'>res</span> <span class='ocrx_word' id='word_1_103' title='bbox 403 1119 536 1165; x_wconf 85' lang='lat' dir='ltr'>quam</span> <span class='ocrx_word' id='word_1_104' title='bbox 563 1102 653 1165; x_wconf 83' lang='lat' dir='ltr'>ipse</span> <span class='ocrx_word' id='word_1_105' title='bbox 685 1103 775 1148; x_wconf 88' lang='lat' dir='ltr'>sum</span> <span class='ocrx_word' id='word_1_106' title='bbox 795 1139 806 1159; x_wconf 88' lang='lat'><strong>‚</strong></span> <span class='ocrx_word' id='word_1_107' title='bbox 837 1104 890 1148; x_wconf 80' lang='lat' dir='ltr'>ad</span> <span class='ocrx_word' id='word_1_108' title='bbox 922 1119 1033 1167; x_wconf 83' lang='lat' dir='ltr'>quos</span> <span class='ocrx_word' id='word_1_109' title='bbox 1065 1104 1185 1150; x_wconf 90' lang='lat' dir='ltr'>soleo</span> <span class='ocrx_word' id='word_1_110' title='bbox 1218 1104 1378 1150; x_wconf 73' lang='lat' dir='ltr'>referre</span> <span class='ocrx_word' id='word_1_111' title='bbox 1397 1141 1409 1163; x_wconf 88' lang='lat'>‚</span> <span class='ocrx_word' id='word_1_112' title='bbox 1441 1105 1467 1149; x_wconf 85' lang='lat' dir='ltr'>fi</span> <span class='ocrx_word' id='word_1_113' title='bbox 1491 1107 1596 1168; x_wconf 85' lang='lat' dir='ltr'>quid</span> 
     </span>
     <span class='ocr_line' id='line_1_14' title="bbox 314 1174 1597 1239; baseline 0.002 -17"><span class='ocrx_word' id='word_1_114' title='bbox 314 1176 526 1222; x_wconf 81' lang='lat' dir='ltr'>delibero.</span> <span class='ocrx_word' id='word_1_115' title='bbox 545 1175 723 1238; x_wconf 81' lang='lat' dir='ltr'>Epicuri</span> <span class='ocrx_word' id='word_1_116' title='bbox 748 1174 971 1238; x_wconf 81' lang='lat' dir='ltr'>epistolam</span> <span class='ocrx_word' id='word_1_117' title='bbox 993 1176 1046 1222; x_wconf 85' lang='lat' dir='ltr'>ad</span> <span class='ocrx_word' id='word_1_118' title='bbox 1067 1178 1177 1223; x_wconf 81' lang='lat' dir='ltr'>hanc</span> <span class='ocrx_word' id='word_1_119' title='bbox 1196 1194 1288 1223; x_wconf 89' lang='lat' dir='ltr'>rem</span> <span class='ocrx_word' id='word_1_120' title='bbox 1309 1177 1597 1239; x_wconf 74' lang='lat' dir='ltr'>pertinentem</span> 
     </span>
     <span class='ocr_line' id='line_1_15' title="bbox 312 1247 1599 1314; baseline 0.003 -21"><span class='ocrx_word' id='word_1_121' title='bbox 312 1247 416 1311; x_wconf 84' lang='lat' dir='ltr'>legi,</span> <span class='ocrx_word' id='word_1_122' title='bbox 438 1248 680 1294; x_wconf 86' lang='lat' dir='ltr'>Idomeneo</span> <span class='ocrx_word' id='word_1_123' title='bbox 701 1264 812 1310; x_wconf 87' lang='lat' dir='ltr'>quae</span> <span class='ocrx_word' id='word_1_124' title='bbox 837 1248 1051 1294; x_wconf 74' lang='lat' dir='ltr'>scribitur.</span> <span class='ocrx_word' id='word_1_125' title='bbox 1071 1266 1202 1311; x_wconf 88' lang='lat' dir='ltr'>quem</span> <span class='ocrx_word' id='word_1_126' title='bbox 1223 1263 1374 1311; x_wconf 83' lang='lat' dir='ltr'>rogat,</span> <span class='ocrx_word' id='word_1_127' title='bbox 1394 1266 1442 1296; x_wconf 86' lang='lat' dir='ltr'>ut</span> <span class='ocrx_word' id='word_1_128' title='bbox 1460 1267 1599 1314; x_wconf 86' lang='lat' dir='ltr'>quan-</span> 
     </span>
     <span class='ocr_line' id='line_1_16' title="bbox 312 1320 1600 1386; baseline 0 -16"><span class='ocrx_word' id='word_1_129' title='bbox 312 1337 408 1371; x_wconf 82' lang='lat' dir='ltr'>tum</span> <span class='ocrx_word' id='word_1_130' title='bbox 434 1320 575 1384; x_wconf 87' lang='lat' dir='ltr'>potest</span> <span class='ocrx_word' id='word_1_131' title='bbox 601 1320 741 1383; x_wconf 83' lang='lat' dir='ltr'>fugiat</span> <span class='ocrx_word' id='word_1_132' title='bbox 765 1336 808 1367; x_wconf 79' lang='lat' dir='ltr'>et</span> <span class='ocrx_word' id='word_1_133' title='bbox 839 1334 1053 1383; x_wconf 86' lang='lat' dir='ltr'>properet</span> <span class='ocrx_word' id='word_1_134' title='bbox 1069 1357 1082 1379; x_wconf 86' lang='lat'><strong>‚</strong></span> <span class='ocrx_word' id='word_1_135' title='bbox 1107 1335 1337 1386; x_wconf 81' lang='lat' dir='ltr'>antequam</span> <span class='ocrx_word' id='word_1_136' title='bbox 1361 1324 1500 1385; x_wconf 82' lang='lat' dir='ltr'>aliqua</span> <span class='ocrx_word' id='word_1_137' title='bbox 1531 1325 1600 1371; x_wconf 83' lang='lat' dir='ltr'>vis</span> 
     </span>
     <span class='ocr_line' id='line_1_17' title="bbox 314 1394 1600 1452; baseline 0.002 -10"><span class='ocrx_word' id='word_1_138' title='bbox 314 1396 457 1443; x_wconf 80' lang='lat' dir='ltr'>maior</span> <span class='ocrx_word' id='word_1_139' title='bbox 486 1394 777 1452; x_wconf 78' lang='lat' dir='ltr'>interveniat,</span> <span class='ocrx_word' id='word_1_140' title='bbox 810 1409 851 1441; x_wconf 83' lang='lat' dir='ltr'>et</span> <span class='ocrx_word' id='word_1_141' title='bbox 879 1396 1042 1443; x_wconf 82' lang='lat' dir='ltr'>auferat</span> <span class='ocrx_word' id='word_1_142' title='bbox 1072 1396 1318 1443; x_wconf 79' lang='lat' dir='ltr'>libertatem</span> <span class='ocrx_word' id='word_1_143' title='bbox 1348 1399 1600 1446; x_wconf 76' lang='lat' dir='ltr'>recedendi.</span> 
     </span>
     <span class='ocr_line' id='line_1_18' title="bbox 315 1467 1599 1528; baseline -0.001 -13"><span class='ocrx_word' id='word_1_144' title='bbox 315 1470 435 1516; x_wconf 82' lang='lat' dir='ltr'>ldem</span> <span class='ocrx_word' id='word_1_145' title='bbox 459 1480 606 1515; x_wconf 84' lang='lat' dir='ltr'>tamen</span> <span class='ocrx_word' id='word_1_146' title='bbox 631 1467 828 1522; x_wconf 76' lang='lat' dir='ltr'>subiicit,</span> <span class='ocrx_word' id='word_1_147' title='bbox 855 1468 959 1514; x_wconf 74' lang='lat' dir='ltr'>nihil</span> <span class='ocrx_word' id='word_1_148' title='bbox 987 1468 1070 1515; x_wconf 82' lang='lat' dir='ltr'>effe</span> <span class='ocrx_word' id='word_1_149' title='bbox 1089 1470 1345 1516; x_wconf 80' lang='lat' dir='ltr'>tentandum</span> <span class='ocrx_word' id='word_1_150' title='bbox 1363 1506 1376 1528; x_wconf 89' lang='lat'><strong>,</strong></span> <span class='ocrx_word' id='word_1_151' title='bbox 1402 1471 1477 1516; x_wconf 74' lang='lat' dir='ltr'>nisi</span> <span class='ocrx_word' id='word_1_152' title='bbox 1497 1487 1599 1515; x_wconf 85' lang='lat' dir='ltr'>cum</span> 
     </span>
     <span class='ocr_line' id='line_1_19' title="bbox 316 1538 1598 1603; baseline 0.001 -17"><span class='ocrx_word' id='word_1_153' title='bbox 316 1553 417 1603; x_wconf 83' lang='lat' dir='ltr'>apte</span> <span class='ocrx_word' id='word_1_154' title='bbox 446 1539 612 1602; x_wconf 85' lang='lat' dir='ltr'>poterit</span> <span class='ocrx_word' id='word_1_155' title='bbox 643 1538 985 1602; x_wconf 81' lang='lat' dir='ltr'>tempestiveque</span> <span class='ocrx_word' id='word_1_156' title='bbox 1019 1539 1172 1586; x_wconf 84' lang='lat' dir='ltr'>tentari</span> <span class='ocrx_word' id='word_1_157' title='bbox 1201 1557 1211 1585; x_wconf 92' lang='lat'><strong>:</strong></span> <span class='ocrx_word' id='word_1_158' title='bbox 1242 1542 1314 1588; x_wconf 90' lang='lat' dir='ltr'>sed</span> <span class='ocrx_word' id='word_1_159' title='bbox 1350 1559 1451 1589; x_wconf 86' lang='lat' dir='ltr'>cum</span> <span class='ocrx_word' id='word_1_160' title='bbox 1490 1542 1598 1587; x_wconf 87' lang='lat' dir='ltr'>illud</span> 
     </span>
     <span class='ocr_line' id='line_1_20' title="bbox 315 1613 1603 1676; baseline -0.001 -15"><span class='ocrx_word' id='word_1_161' title='bbox 315 1626 487 1676; x_wconf 81' lang='lat' dir='ltr'>tempus</span> <span class='ocrx_word' id='word_1_162' title='bbox 510 1613 586 1660; x_wconf 78' lang='lat' dir='ltr'>diu</span> <span class='ocrx_word' id='word_1_163' title='bbox 606 1624 825 1674; x_wconf 78' lang='lat' dir='ltr'>captatum</span> <span class='ocrx_word' id='word_1_164' title='bbox 845 1613 1043 1669; x_wconf 79' lang='lat' dir='ltr'>venerit,</span> <span class='ocrx_word' id='word_1_165' title='bbox 1070 1613 1350 1660; x_wconf 72' lang='lat' dir='ltr'>exsiliendum</span> <span class='ocrx_word' id='word_1_166' title='bbox 1381 1616 1454 1661; x_wconf 82' lang='lat' dir='ltr'>ait.</span> <span class='ocrx_word' id='word_1_167' title='bbox 1480 1617 1603 1662; x_wconf 48' lang='lat' dir='ltr'>Dor-2</span> 
     </span>
     <span class='ocr_line' id='line_1_21' title="bbox 317 1685 1603 1748; baseline 0 -15"><span class='ocrx_word' id='word_1_168' title='bbox 317 1687 471 1733; x_wconf 72' lang='lat' dir='ltr'>mitare</span> <span class='ocrx_word' id='word_1_169' title='bbox 496 1686 550 1732; x_wconf 86' lang='lat' dir='ltr'>de</span> <span class='ocrx_word' id='word_1_170' title='bbox 574 1685 676 1748; x_wconf 86' lang='lat' dir='ltr'>fuga</span> <span class='ocrx_word' id='word_1_171' title='bbox 703 1685 971 1748; x_wconf 82' lang='lat' dir='ltr'>cogitantem</span> <span class='ocrx_word' id='word_1_172' title='bbox 997 1699 1145 1743; x_wconf 74' lang='lat' dir='ltr'>vetat,</span> <span class='ocrx_word' id='word_1_173' title='bbox 1170 1701 1211 1732; x_wconf 87' lang='lat' dir='ltr'>et</span> <span class='ocrx_word' id='word_1_174' title='bbox 1238 1686 1378 1748; x_wconf 84' lang='lat' dir='ltr'>sperat</span> <span class='ocrx_word' id='word_1_175' title='bbox 1399 1687 1525 1733; x_wconf 83' lang='lat' dir='ltr'>etiam</span> <span class='ocrx_word' id='word_1_176' title='bbox 1546 1704 1603 1734; x_wconf 83' lang='lat' dir='ltr'>ex</span> 
     </span>
     <span class='ocr_line' id='line_1_22' title="bbox 317 1757 1603 1820; baseline -0.001 -14"><span class='ocrx_word' id='word_1_177' title='bbox 317 1757 586 1807; x_wconf 75' lang='lat' dir='ltr'>difficillimis</span> <span class='ocrx_word' id='word_1_178' title='bbox 606 1758 831 1804; x_wconf 86' lang='lat' dir='ltr'>salutarem</span> <span class='ocrx_word' id='word_1_179' title='bbox 850 1757 1020 1804; x_wconf 89' lang='lat' dir='ltr'>exitum</span> <span class='ocrx_word' id='word_1_180' title='bbox 1042 1777 1052 1804; x_wconf 94' lang='lat'><strong>:</strong></span> <span class='ocrx_word' id='word_1_181' title='bbox 1075 1757 1105 1803; x_wconf 78' lang='lat' dir='ltr'><strong>fi</strong></span> <span class='ocrx_word' id='word_1_182' title='bbox 1125 1774 1208 1805; x_wconf 86' lang='lat' dir='ltr'>nec</span> <span class='ocrx_word' id='word_1_183' title='bbox 1228 1774 1514 1820; x_wconf 83' lang='lat' dir='ltr'>properemus</span> <span class='ocrx_word' id='word_1_184' title='bbox 1533 1777 1603 1806; x_wconf 89' lang='lat' dir='ltr'>an-</span> 
     </span>
     <span class='ocr_line' id='line_1_23' title="bbox 318 1831 1606 1896; baseline 0.001 -16"><span class='ocrx_word' id='word_1_185' title='bbox 318 1846 360 1880; x_wconf 81' lang='lat' dir='ltr'>te</span> <span class='ocrx_word' id='word_1_186' title='bbox 388 1848 587 1896; x_wconf 82' lang='lat' dir='ltr'>tempus,</span> <span class='ocrx_word' id='word_1_187' title='bbox 609 1850 689 1879; x_wconf 85' lang='lat' dir='ltr'>nec</span> <span class='ocrx_word' id='word_1_188' title='bbox 718 1831 928 1880; x_wconf 78' lang='lat' dir='ltr'>ceffemus</span> <span class='ocrx_word' id='word_1_189' title='bbox 952 1833 997 1879; x_wconf 83' lang='lat' dir='ltr'>in</span> <span class='ocrx_word' id='word_1_190' title='bbox 1025 1844 1239 1895; x_wconf 80' lang='lat' dir='ltr'>tempore.</span> <span class='ocrx_word' id='word_1_191' title='bbox 1273 1834 1383 1878; x_wconf 82' lang='lat' dir='ltr'>Puto</span> <span class='ocrx_word' id='word_1_192' title='bbox 1418 1849 1532 1880; x_wconf 85' lang='lat' dir='ltr'>nunc</span> <span class='ocrx_word' id='word_1_193' title='bbox 1563 1846 1606 1881; x_wconf 83' lang='lat' dir='ltr'>et</span> 
     </span>
     <span class='ocr_line' id='line_1_24' title="bbox 317 1904 1605 1969; baseline -0.001 -15"><span class='ocrx_word' id='word_1_194' title='bbox 317 1908 510 1954; x_wconf 63' lang='lat' dir='ltr'>Stoicam</span> <span class='ocrx_word' id='word_1_195' title='bbox 541 1907 794 1954; x_wconf 71' lang='lat' dir='ltr'>sententiam</span> <span class='ocrx_word' id='word_1_196' title='bbox 822 1905 1002 1969; x_wconf 77' lang='lat' dir='ltr'>quaeris.</span> <span class='ocrx_word' id='word_1_197' title='bbox 1026 1922 1116 1951; x_wconf 84' lang='lat' dir='ltr'>non</span> <span class='ocrx_word' id='word_1_198' title='bbox 1145 1904 1204 1950; x_wconf 86' lang='lat' dir='ltr'>est</span> <span class='ocrx_word' id='word_1_199' title='bbox 1232 1906 1355 1967; x_wconf 86' lang='lat' dir='ltr'>quod</span> <span class='ocrx_word' id='word_1_200' title='bbox 1373 1905 1605 1968; x_wconf 76' lang='lat' dir='ltr'>quisquam</span> 
     </span>
     <span class='ocr_line' id='line_1_25' title="bbox 316 1976 1602 2042; baseline -0.003 -13"><span class='ocrx_word' id='word_1_201' title='bbox 316 1982 415 2030; x_wconf 65' lang='lat' dir='ltr'>‘iilos</span> <span class='ocrx_word' id='word_1_202' title='bbox 454 1979 567 2042; x_wconf 76' lang='lat' dir='ltr'>apud</span> <span class='ocrx_word' id='word_1_203' title='bbox 596 1994 640 2026; x_wconf 82' lang='lat' dir='ltr'>te</span> <span class='ocrx_word' id='word_1_204' title='bbox 676 1979 930 2025; x_wconf 80' lang='lat' dir='ltr'>temeritatis</span> <span class='ocrx_word' id='word_1_205' title='bbox 961 1976 1142 2024; x_wconf 55' lang='lat' dir='ltr'>infamet</span> <span class='ocrx_word' id='word_1_206' title='bbox 1175 1994 1185 2022; x_wconf 77' lang='grc' dir='ltr'>ε</span> <span class='ocrx_word' id='word_1_207' title='bbox 1215 1978 1434 2024; x_wconf 80' lang='lat' dir='ltr'>cautiores</span> <span class='ocrx_word' id='word_1_208' title='bbox 1469 1996 1602 2041; x_wconf 88' lang='lat' dir='ltr'>quam</span> 
     </span>
     <span class='ocr_line' id='line_1_26' title="bbox 314 2050 1606 2114; baseline -0.002 -13"><span class='ocrx_word' id='word_1_209' title='bbox 314 2055 527 2102; x_wconf 74' lang='lat' dir='ltr'>fortiores</span> <span class='ocrx_word' id='word_1_210' title='bbox 559 2052 667 2099; x_wconf 81' lang='lat' dir='ltr'>sunt.</span> <span class='ocrx_word' id='word_1_211' title='bbox 709 2052 941 2114; x_wconf 59' lang='lat' dir='ltr'>Exspeetas</span> <span class='ocrx_word' id='word_1_212' title='bbox 973 2050 1180 2108; x_wconf 67' lang='lat' dir='ltr'>forsitan,</span> <span class='ocrx_word' id='word_1_213' title='bbox 1208 2064 1255 2097; x_wconf 89' lang='lat' dir='ltr'>ut</span> <span class='ocrx_word' id='word_1_214' title='bbox 1286 2051 1364 2098; x_wconf 85' lang='lat' dir='ltr'>tibi</span> <span class='ocrx_word' id='word_1_215' title='bbox 1401 2052 1508 2099; x_wconf 88' lang='lat' dir='ltr'>haec</span> <span class='ocrx_word' id='word_1_216' title='bbox 1538 2054 1606 2099; x_wconf 84' lang='lat' dir='ltr'>di·</span> 
     </span>
     <span class='ocr_line' id='line_1_27' title="bbox 313 2124 1606 2187; baseline -0.003 -13"><span class='ocrx_word' id='word_1_217' title='bbox 313 2126 500 2176; x_wconf 83' lang='lat' dir='ltr'>cantur?</span> <span class='ocrx_word' id='word_1_218' title='bbox 527 2126 678 2187; x_wconf 81' lang='lat' dir='ltr'>Turpe</span> <span class='ocrx_word' id='word_1_219' title='bbox 710 2124 770 2171; x_wconf 89' lang='lat' dir='ltr'>est</span> <span class='ocrx_word' id='word_1_220' title='bbox 802 2125 957 2172; x_wconf 82' lang='lat' dir='ltr'>cedere</span> <span class='ocrx_word' id='word_1_221' title='bbox 990 2125 1115 2170; x_wconf 86' lang='lat' dir='ltr'>oneri</span> <span class='ocrx_word' id='word_1_222' title='bbox 1143 2142 1153 2170; x_wconf 91' lang='lat'>:</span> <span class='ocrx_word' id='word_1_223' title='bbox 1186 2124 1347 2170; x_wconf 58' lang='lat' dir='ltr'>luitare</span> <span class='ocrx_word' id='word_1_224' title='bbox 1374 2141 1474 2171; x_wconf 89' lang='lat' dir='ltr'>cum</span> <span class='ocrx_word' id='word_1_225' title='bbox 1505 2124 1606 2170; x_wconf 84' lang='lat' dir='ltr'>offi-</span> 
     </span>
     <span class='ocr_line' id='line_1_28' title="bbox 314 2196 1602 2263; baseline -0.004 -15"><span class='ocrx_word' id='word_1_226' title='bbox 314 2199 386 2248; x_wconf 84' lang='lat' dir='ltr'>cio</span> <span class='ocrx_word' id='word_1_227' title='bbox 404 2235 416 2256; x_wconf 89' lang='lat'><strong>‚</strong></span> <span class='ocrx_word' id='word_1_228' title='bbox 439 2199 563 2263; x_wconf 89' lang='lat' dir='ltr'>quod</span> <span class='ocrx_word' id='word_1_229' title='bbox 588 2199 721 2245; x_wconf 83' lang='lat' dir='ltr'>semel</span> <span class='ocrx_word' id='word_1_230' title='bbox 744 2197 957 2261; x_wconf 80' lang='lat' dir='ltr'>recepisti.</span> <span class='ocrx_word' id='word_1_231' title='bbox 985 2198 1091 2243; x_wconf 86' lang='lat' dir='ltr'>Non</span> <span class='ocrx_word' id='word_1_232' title='bbox 1114 2197 1176 2243; x_wconf 81' lang='lat' dir='ltr'>est</span> <span class='ocrx_word' id='word_1_233' title='bbox 1196 2197 1263 2244; x_wconf 87' lang='lat' dir='ltr'>vir</span> <span class='ocrx_word' id='word_1_234' title='bbox 1286 2197 1411 2244; x_wconf 83' lang='lat' dir='ltr'>fortis</span> <span class='ocrx_word' id='word_1_235' title='bbox 1432 2209 1476 2244; x_wconf 87' lang='lat' dir='ltr'>et</span> <span class='ocrx_word' id='word_1_236' title='bbox 1495 2196 1602 2243; x_wconf 85' lang='lat' dir='ltr'>stre-</span> 
     </span>
     <span class='ocr_line' id='line_1_29' title="bbox 313 2269 1603 2334; baseline -0.002 -15"><span class='ocrx_word' id='word_1_237' title='bbox 313 2289 454 2330; x_wconf 85' lang='lat' dir='ltr'>nuus,</span> <span class='ocrx_word' id='word_1_238' title='bbox 486 2271 564 2334; x_wconf 85' lang='lat' dir='ltr'>qui</span> <span class='ocrx_word' id='word_1_239' title='bbox 595 2272 792 2318; x_wconf 76' lang='lat' dir='ltr'>laborem</span> <span class='ocrx_word' id='word_1_240' title='bbox 818 2269 933 2334; x_wconf 83' lang='lat' dir='ltr'>fugit</span> <span class='ocrx_word' id='word_1_241' title='bbox 956 2288 966 2316; x_wconf 91' lang='lat'>:</span> <span class='ocrx_word' id='word_1_242' title='bbox 988 2287 1142 2317; x_wconf 84' lang='lat' dir='ltr'>verum</span> <span class='ocrx_word' id='word_1_243' title='bbox 1163 2270 1222 2315; x_wconf 85' lang='lat' dir='ltr'>ibi</span> <span class='ocrx_word' id='word_1_244' title='bbox 1249 2270 1403 2318; x_wconf 83' lang='lat' dir='ltr'>crescit</span> <span class='ocrx_word' id='word_1_245' title='bbox 1426 2269 1487 2315; x_wconf 90' lang='lat' dir='ltr'>illi</span> <span class='ocrx_word' id='word_1_246' title='bbox 1506 2269 1603 2316; x_wconf 88' lang='lat' dir='ltr'>ani-</span> 
     </span>
     <span class='ocr_line' id='line_1_30' title="bbox 315 2342 1609 2407; baseline -0.001 -17"><span class='ocrx_word' id='word_1_247' title='bbox 315 2362 442 2400; x_wconf 87' lang='lat' dir='ltr'>mus,</span> <span class='ocrx_word' id='word_1_248' title='bbox 477 2344 564 2407; x_wconf 77' lang='lat' dir='ltr'>ipsa</span> <span class='ocrx_word' id='word_1_249' title='bbox 594 2361 742 2391; x_wconf 85' lang='lat' dir='ltr'>rerum</span> <span class='ocrx_word' id='word_1_250' title='bbox 772 2344 1044 2391; x_wconf 83' lang='lat' dir='ltr'>difficultate.</span> <span class='ocrx_word' id='word_1_251' title='bbox 1085 2344 1305 2392; x_wconf 74' lang='lat' dir='ltr'>Dicentur</span> <span class='ocrx_word' id='word_1_252' title='bbox 1335 2343 1413 2390; x_wconf 85' lang='lat' dir='ltr'>tibi</span> <span class='ocrx_word' id='word_1_253' title='bbox 1441 2342 1542 2400; x_wconf 84' lang='lat' dir='ltr'>ista,</span> <span class='ocrx_word' id='word_1_254' title='bbox 1576 2342 1609 2389; x_wconf 84' lang='lat' dir='ltr'>fi</span> 
     </span>
     <span class='ocr_line' id='line_1_31' title="bbox 313 2413 1610 2480; baseline -0.005 -15"><span class='ocrx_word' id='word_1_255' title='bbox 313 2433 475 2480; x_wconf 85' lang='lat' dir='ltr'>operae</span> <span class='ocrx_word' id='word_1_256' title='bbox 503 2417 694 2478; x_wconf 83' lang='lat' dir='ltr'>pretium</span> <span class='ocrx_word' id='word_1_257' title='bbox 722 2416 898 2463; x_wconf 83' lang='lat' dir='ltr'>habebit</span> <span class='ocrx_word' id='word_1_258' title='bbox 932 2415 1275 2479; x_wconf 79' lang='lat' dir='ltr'>perseverantia,</span> <span class='ocrx_word' id='word_1_259' title='bbox 1304 2413 1334 2460; x_wconf 83' lang='lat' dir='ltr'>fi</span> <span class='ocrx_word' id='word_1_260' title='bbox 1360 2414 1467 2460; x_wconf 82' lang='lat' dir='ltr'>nihil</span> <span class='ocrx_word' id='word_1_261' title='bbox 1496 2413 1610 2460; x_wconf 87' lang='lat' dir='ltr'>indi-</span> 
     </span>
     <span class='ocr_line' id='line_1_32' title="bbox 311 2487 1604 2557; baseline -0.003 -19"><span class='ocrx_word' id='word_1_262' title='bbox 311 2507 449 2557; x_wconf 83' lang='lat' dir='ltr'>gnum</span> <span class='ocrx_word' id='word_1_263' title='bbox 475 2490 598 2537; x_wconf 87' lang='lat' dir='ltr'>bono</span> <span class='ocrx_word' id='word_1_264' title='bbox 623 2490 725 2538; x_wconf 78' lang='lat' dir='ltr'>viro</span> <span class='ocrx_word' id='word_1_265' title='bbox 747 2488 995 2537; x_wconf 83' lang='lat' dir='ltr'>faciendum</span> <span class='ocrx_word' id='word_1_266' title='bbox 1030 2488 1342 2552; x_wconf 84' lang='lat' dir='ltr'>patiendumve</span> <span class='ocrx_word' id='word_1_267' title='bbox 1363 2489 1471 2536; x_wconf 88' lang='lat' dir='ltr'>erit:</span> <span class='ocrx_word' id='word_1_268' title='bbox 1493 2487 1604 2534; x_wconf 87' lang='lat' dir='ltr'>alio-</span> 
     </span>
    </p>
   </div>
   <div class='ocr_carea' id='block_1_3' title="bbox 1761 456 1807 3004">
    <p class='ocr_par' dir='ltr' id='par_1_3' title="bbox 1761 456 1807 3004">
     <span class='ocr_line' id='line_1_33' title="bbox 1761 456 1807 3004; baseline 0 0"><span class='ocrx_word' id='word_1_269' title='bbox 1761 456 1807 3004; x_wconf 95' lang='lat' dir='ltr'> </span> 
     </span>
    </p>
   </div>
  </div>
 </body>
</html>
