1780 2988
506 168 1083 217 ems-romae,
1342 183 1429 234 375

161 290 257 323 mus
272 274 420 338 itaque
441 275 646 322 adversus
669 274 848 321 fortuita
869 292 879 320 :
906 286 949 321 et
968 273 1181 338 quidquid
1205 272 1432 332 inciderit,

159 350 339 399 sciamus
364 365 452 394 non
482 347 565 394 effe
596 361 683 394 tam
714 364 946 410 magnum,
982 364 1114 410 quam
1138 363 1318 393 rumore
1343 348 1432 393 iac-

159 436 284 470 tetur.
310 422 478 468 Civitas
505 420 602 466 arfit
629 421 864 483 opulenta,
895 432 1291 481 ornamentumque
1321 435 1431 481 pro-

157 495 397 542 vinciarum
414 529 427 551 ‚
455 495 610 556 quibus
642 507 683 540 et
712 493 867 541 inserta
897 507 988 540 erat
1008 529 1022 550 ,
1048 507 1091 539 et
1114 504 1296 554 excepta
1313 527 1326 549 ‚
1354 491 1431 538 uni

156 576 298 612 tamen
320 566 543 628 imposita,
568 580 611 613 et
637 567 739 614 huic
764 584 854 613 non
883 564 1085 613 altiffimo
1116 564 1270 610 monti.
1311 565 1429 610 Om-

155 639 274 684 nium
311 638 487 685 istarum
513 639 769 696 civitatum,
804 656 911 702 quas
946 655 1064 684 nunc
1099 636 1350 700 magnificas
1378 652 1429 683 ac

157 711 326 758 nobiles
351 712 498 767 audis,
525 711 706 774 vestigia
727 728 904 774 quoque
933 725 1104 772 tempus
1131 710 1288 755 eradet.
1323 711 1432 757 Non

155 782 303 840 vides,
336 784 706 846 quemadmodum
735 783 780 828 in
808 783 970 830 Achaia
1003 782 1327 828 clariffimarum
1352 800 1430 829 ur-

155 854 275 901 bium
301 855 386 902 iam
405 855 686 902 fundamenta
706 855 932 902 consumta
956 855 1060 910 sint,
1088 871 1168 901 nec
1190 855 1428 917 quidquam

156 929 293 976 exstet
308 965 320 986 ,
339 947 391 976 ex
415 946 506 992 quo
524 944 728 991 appareat
752 929 842 975 illas
868 929 1015 976 saltem
1035 926 1193 973 fuiffe?
1215 927 1319 973 Non
1340 940 1430 974 tan·

155 1014 249 1046 tum
279 1001 518 1047 manufaazi
545 1001 775 1057 labuntur,
809 1017 899 1046 non
931 1012 1098 1046 tantum
1132 999 1318 1044 humana
1338 1012 1429 1046 arte

154 1084 282 1135 atque
301 1073 505 1119 industria
530 1072 669 1135 pofita
685 1073 815 1120 vertit
832 1072 922 1118 dies
944 1090 954 1118 :
983 1072 1083 1134 iuga
1103 1071 1320 1116 montium
1343 1070 1430 1116 dif-

155 1143 318 1201 fluunt,
350 1157 468 1191 totae
500 1145 702 1191 desedere
730 1145 944 1207 regiones.
973 1147 1142 1205 Operta
1174 1142 1270 1189 sunt
1292 1143 1428 1189 flueti-

154 1215 261 1272 bus,
280 1232 390 1280 quae
410 1217 565 1278 procul
586 1233 610 1262 a
630 1217 864 1278 conspectu
880 1217 1010 1262 maris
1029 1215 1221 1261 stabant:
1241 1216 1429 1263 vastavit

153 1287 265 1351 ignis
292 1289 450 1346 colles,
478 1306 556 1351 per
576 1305 688 1352 quos
715 1290 950 1336 elucebat:
977 1288 1109 1335 erosit
1136 1299 1177 1334 et
1202 1288 1428 1351 quondam

153 1361 374 1408 altiffimos
401 1362 612 1418 vertices,
639 1362 786 1408 solatia
808 1362 1107 1425 navigantium
1132 1378 1183 1408 ac
1201 1353 1396 1423 &speculas
1411 1377 1427 1416 ;

153 1435 207 1481 ad
237 1436 443 1483 humilem
478 1453 652 1483 arenam
687 1437 884 1485 deduxit.
925 1435 1057 1498 Ipsius
1089 1451 1264 1482 naturae
1291 1451 1429 1496 opera

154 1521 400 1555 vexantur:
429 1520 470 1554 et
500 1509 602 1556 ideo
624 1525 766 1573 aequo
797 1509 946 1555 animo
975 1507 1091 1555 ferre
1115 1509 1321 1554 debemus
1351 1524 1426 1553 ur-

152 1581 272 1626 bium
294 1581 476 1628 excidia.
513 1583 676 1629 Casura
701 1582 851 1630 omnia
880 1580 1046 1629 exstant
1068 1599 1078 1628 ε
1111 1582 1315 1628 omnibus
1335 1580 1426 1627 exi-

151 1663 222 1698 tus
255 1665 398 1698 manet
426 1670 441 1698 :⁴
465 1652 555 1701 five
583 1653 750 1701 interna
777 1653 824 1702 vi
857 1653 1050 1717 flatuque
1076 1654 1293 1716 praeclusa
1321 1654 1426 1700 vio-

152 1724 257 1771 lenti
289 1726 488 1787 pondus,
521 1726 602 1772 sub
634 1744 728 1790 quo
759 1738 984 1784 tenentur,
1020 1727 1309 1783 excufferint3
1337 1728 1441 1774 five

152 1799 411 1846 torrentium
446 1801 492 1847 in
523 1802 676 1848 abdito
711 1801 780 1850 vis
809 1801 1022 1848 obstantia
1053 1801 1302 1866 effregerit3
1339 1803 1429 1850 five

154 1871 428 1919 flammarum
460 1875 673 1921 violentia
698 1876 1004 1938 compaginem
1028 1875 1110 1921 soli
1132 1875 1320 1937 ruperim
1338 1874 1428 1923 five

153 1943 371 2002 vetustas,
406 1961 429 1989 a
459 1946 681 2007 qua-nihil
710 1957 851 1993 tutum
881 1946 961 2002 est,
997 1947 1311 2010 expugnaverit
1340 1948 1429 1994 mi-

157 2016 370 2071 nutatim3
394 2016 483 2064 five
504 2018 692 2081 gravitas
717 2019 832 2066 coeli
861 2019 1039 2068 eiecerit
1066 2020 1275 2082 populos,
1305 2035 1348 2067 et
1376 2019 1429 2066 fi-

154 2099 222 2135 tus
251 2087 415 2135 deserta
449 2090 707 2153 corruperit.
753 2093 1019 2139 Enumerare
1048 2109 1202 2139 omnes
1236 2093 1429 2140 fatorum

156 2159 273 2217 vias,
293 2161 471 2224 longum
491 2162 564 2210 est.
589 2164 676 2211 hoc
695 2180 831 2210 unum
856 2164 947 2211 scio
973 2182 983 2211 :
1005 2163 1155 2210 omnia
1173 2165 1436 2213 mortalium-

155 2246 292 2293 opera
310 2266 324 2289 ‚
353 2234 616 2282 mortalitate
641 2235 841 2282 damnata
867 2235 991 2283 sunt:
1013 2235 1128 2283 inter
1156 2236 1345 2298 peritura
1364 2237 1430 2285 vi-

157 2302 314 2350 vimus.
354 2304 476 2350 Haec
503 2320 586 2368 ego
617 2318 746 2369 atque
772 2306 989 2354 eiusmodi
1021 2306 1172 2353 solatia
1202 2308 1430 2357 admoveo

98 2438 105 2443 ..
157 2372 345 2419 Liberali
381 2374 565 2434 nostro,
612 2376 855 2425 incredibili
894 2380 1090 2443 quodam
1129 2376 1293 2443 patriae
1328 2383 1440 2431 suae-

157 2462 309 2498 amote
337 2446 566 2514 flagranti:
591 2466 700 2515 quae
727 2450 905 2503 fomffe
939 2453 1168 2503 consumta
1191 2455 1274 2518 est,
1307 2470 1356 2506 ut
1378 2456 1427 2506 in

1034 2528 1114 2574 Aa
1148 2546 1174 2582 4
