1807 3004
515 176 1104 224 EPISTOLAE.
1358 198 1440 244 ¹93

173 297 216 333 et
247 286 406 333 modos
438 297 582 331 mente
619 285 874 347 complexus
902 283 975 331 est.
1008 284 1160 347 plenus
1189 283 1257 332 his
1296 283 1448 349 figuris

173 360 234 405 est
252 395 264 413 ‚
296 376 400 422 quas
427 358 548 404 Plato
575 358 693 403 ideas
722 358 934 419 appellat,
959 357 1227 404 immortales
1244 392 1258 414 ‚
1285 359 1450 405 immu-

173 431 354 486 tabiles,
388 428 686 491 infatigabiles.
721 433 871 492 ltaque
900 429 1102 476 homines
1137 430 1315 490 quidem
1349 447 1449 492 per-

174 519 314 550 eunt:
343 502 431 565 ipsa
462 519 605 548 autem
637 502 877 549 humanitas
905 502 960 548 ad
990 519 1121 563 quam
1151 505 1290 549 homo
1321 505 1449 550 effin-

173 577 317 640 gitur,
345 588 568 639 permanet
589 593 602 631 ;
625 589 667 623 et
697 576 946 624 hominibus
968 575 1284 632 laborantibus,
1316 578 1451 625 inter·

174 650 400 706 euntibus,
423 648 494 694 illa
513 649 572 695 nil
593 650 768 712 patitur.
798 650 1008 712 Quinque
1031 665 1139 711 ergo
1163 650 1309 698 causae
1328 645 1449 708 sunt,

175 735 223 769 ut
248 722 368 767 Plato
396 721 502 769 dicit
528 739 538 767 :
572 723 617 767 ld
645 739 699 767 ex
721 738 812 784 quo
828 756 841 780 ‚
863 721 907 767 id
925 739 949 767 a
968 737 1085 784 quc),
1109 721 1153 766 id
1180 739 1298 785 quo,
1330 723 1374 769 id
1393 725 1448 771 ad

176 796 324 858 quod,
351 794 396 839 id
425 805 606 855 propter
633 794 768 855 quod.
797 792 1031 839 noviffime
1060 793 1102 837 id
1138 795 1260 855 quod
1291 811 1346 840 ex
1379 795 1450 842 his

176 867 249 914 est.
292 869 520 929 Tanquam
544 867 589 912 in
620 857 754 912 statua
791 863 924 928 (quia
952 865 1006 911 de
1031 865 1112 910 hac
1138 865 1264 926 loqui
1293 866 1448 928 coepi—

177 939 307 1003 mus)
335 940 381 985 Id
412 956 463 984 ex
492 955 582 1001 quo
601 973 614 995 ,
636 954 706 984 aes
733 936 795 984 est
815 955 826 983 ε
850 937 897 983 Id
920 953 944 983 a
963 954 1053 1000 quo
1069 971 1082 994 ,
1105 937 1258 983 artifex
1286 938 1347 983 est
1367 957 1377 983 ε
1400 939 1448 984 Id

175 1019 294 1076 quo,
321 1011 464 1058 forma
486 1011 572 1066 est,
593 1027 702 1074 quae
726 1022 896 1072 aptatur
921 1010 1014 1056 illi:
1042 1010 1090 1055 Id
1120 1011 1172 1056 ad
1194 1013 1344 1073 quod,
1370 1027 1449 1057 ex-

176 1086 344 1148 emplar
373 1085 464 1138 est,
487 1085 610 1146 quod
634 1083 825 1129 imitatur
857 1084 893 1129 is
922 1085 998 1147 qui
1028 1084 1159 1133 facit:
1190 1086 1237 1131 ld
1266 1099 1449 1149 propter

176 1159 298 1221 quod
315 1193 328 1214 ‚
354 1157 548 1203 facientis
573 1156 848 1219 propositum
868 1155 941 1202 estt
971 1157 1017 1202 Id
1037 1157 1159 1219 quod
1187 1174 1239 1203 ex
1257 1158 1342 1204 istis
1360 1159 1447 1217 est,

175 1231 268 1293 ipsa
297 1230 439 1276 statua.
462 1229 581 1273 Haec
599 1226 748 1273 omnia
767 1227 953 1273 mundus
979 1243 1160 1289 quoque
1185 1226 1256 1290 (ut
1274 1229 1331 1274 ait
1354 1232 1449 1276 Pla-

177 1303 252 1366 to)
278 1304 419 1348 habet.
451 1302 656 1354 Faciens,
686 1298 757 1345 hic
774 1300 898 1363 Deus
925 1298 1012 1345 est:
1038 1302 1103 1345 Ex
1129 1316 1222 1362 quo
1243 1300 1319 1359 fit,
1343 1302 1449 1350 haec

177 1376 356 1422 materia
383 1374 473 1420 est:
503 1376 657 1418 Forma
681 1404 692 1426 2
717 1368 870 1417 hic'est
897 1371 1094 1428 habitus,
1119 1384 1160 1417 et
1184 1372 1298 1418 ordo
1320 1389 1448 1419 mun-

177 1448 222 1492 di
242 1464 370 1509 quem
401 1446 624 1491 videmus:
652 1444 906 1505 Exemplar,
928 1443 1086 1490 scilicet
1105 1443 1159 1488 ad
1179 1445 1299 1505 quod
1323 1445 1450 1493 Deus

175 1519 287 1564 hanc
322 1515 662 1580 magnitudinem
696 1515 841 1576 operis
868 1513 1148 1576 pulcherrimi
1177 1514 1279 1561 fecit
1305 1534 1315 1560 :
1345 1517 1449 1562 Pro-

178 1592 369 1654 pofitum
387 1624 401 1648 ,
421 1601 602 1651 propter
625 1588 746 1649 quod
777 1585 896 1631 fecit.
921 1587 1106 1646 Quaeris
1121 1621 1133 1642 ,
1153 1587 1259 1650 quid
1279 1587 1328 1633 fit
1347 1605 1449 1651 pro-

177 1663 362 1726 pofitum
397 1661 534 1709 Deo?
570 1660 756 1706 bonitas.
792 1659 850 1706 ita
888 1674 1005 1706 certe
1044 1660 1166 1705 Plato
1200 1661 1271 1707 aits
1322 1664 1452 1722 Quae

179 1739 285 1793 Deo
305 1737 491 1799 faciendi
521 1736 732 1781 mundum
762 1734 883 1779 causa
902 1733 1014 1779 fuit?
1042 1729 1184 1780 bonus
1209 1734 1269 1780 est
1287 1766 1302 1788 ‚
1328 1736 1453 1782 bono

177 1812 293 1858 nulla
320 1810 577 1873 cuiusquam
599 1809 704 1853 boni
725 1807 894 1854 invidia
920 1807 992 1853 est.
1015 1807 1133 1854 Fecit
1153 1806 1300 1870 itaque
1319 1824 1451 1870 quam

179 1884 397 1947 optimum
420 1883 579 1946 potuit.
608 1884 687 1928 Fer
708 1894 815 1943 ergo
836 1880 964 1925 iudex
992 1878 1242 1925 sententiam
1259 1910 1272 1935 -,
1290 1891 1333 1926 et
1349 1896 1455 1942 pro-

180 1957 360 2015 nuntia,
393 1956 489 2019 quis
531 1955 612 2001 tibi
647 1953 1004 2001 verifimillimum
1045 1953 1246 2000 videatur
1279 1954 1453 2010 dicere,

183 2046 274 2076 non
303 2030 400 2092 quis
420 2044 577 2074 verum
612 2028 737 2073 dicat.
767 2026 813 2073 id
838 2027 952 2072 enim
986 2038 1071 2072 tam
1099 2026 1221 2087 supra
1255 2042 1336 2072 nos
1367 2028 1456 2085 est,

181 2117 311 2164 quam
330 2098 418 2162 ipsa
435 2098 606 2146 veritas.
631 2100 750 2145 Haec
768 2114 881 2160 quae
897 2098 950 2143 ab
966 2097 1197 2144 Aristotele
1212 2111 1255 2144 et
1274 2099 1454 2145 Platone

180 2172 361 2237 ponitur
389 2171 514 2219 turba
533 2172 751 2217 causarum
768 2205 782 2227 ,
800 2184 871 2216 aut
901 2170 1084 2216 nimium
1104 2170 1239 2216 multa
1254 2204 1266 2226 ‚
1294 2182 1367 2215 aut
1387 2170 1456 2216 ni-ss·

180 2246 319 2294 mium
341 2261 479 2309 pauca
507 2244 854 2307 comprehendito
887 2244 998 2289 Nam
1028 2243 1057 2288 fi
1086 2258 1351 2306 quocunque
1384 2260 1457 2291 ree

177 2332 306 2366 moto
342 2316 447 2380 quid
481 2316 595 2363 effici
630 2332 722 2361 non
756 2314 899 2377 potest
927 2348 942 2372 ‚
977 2314 1021 2360 id
1054 2315 1222 2360 causam
1261 2314 1459 2362 iudicant

176 2391 262 2441 effe
293 2389 510 2449 faciendi,
543 2406 679 2452 pauca
708 2389 927 2435 dixerunt.
965 2389 1135 2433 Ponant
1165 2386 1277 2433 inter
1311 2387 1459 2435 causas

172 2470 365 2527 ‘tempus
395 2463 502 2510 nihil
529 2463 615 2510 fine
645 2475 846 2523 tempore
884 2459 1027 2524 potest
1053 2458 1167 2525 fieri..
1194 2461 1361 2506 Ponant
1384 2459 1455 2507 loa

241 2543 291 2591 L.
319 2543 444 2588 Arm.
471 2542 638 2588 Seneca.
668 2540 760 2586 Vol.
779 2537 871 2584 III.
1154 2531 1197 2575 Ν
