1807 3004
464 199 1062 249 EPISTOLAE.
1319 213 1417 264 35²7>

128 325 226 357 rum
247 307 423 355 avaritia
443 307 712 353 diffunditur.
731 307 875 353 Vobis
898 307 1002 353 dico
1019 342 1031 364 ‚
1050 305 1297 369 Quousque
1314 308 1413 352 nula

126 384 192 429 lus
221 383 301 429 erit
328 382 466 436 lacus,
505 381 574 426 cui
606 398 696 427 non
731 382 931 428 villarum
967 379 1206 427 vestrarum
1244 378 1413 442 fastigia

125 455 414 502 immineant?
443 454 607 500 nullum
641 454 830 511 flumen,
868 454 992 500 cuius
1027 470 1118 499 non
1147 454 1261 516 ripas
1289 453 1417 500 aedi-

127 526 226 573 ficia
254 526 393 573 vestra
421 527 701 590 praetexant?
733 528 999 590 Ubicunque
1032 527 1253 574 scatebunt
1276 544 1413 590 aqua-

127 614 223 644 rum
255 598 485 645 calentium
512 616 676 654 venae,
706 598 765 645 ibi
795 615 916 644 nova
945 597 1187 645 diversoria
1215 598 1414 646 luxuriae

128 670 446 719 excitabuntur.
463 673 736 736 Ubicunque
756 671 800 717 in
821 669 1008 733 aliquem
1035 669 1171 716 sinum
1191 671 1290 718 litus
1308 688 1414 717 cur-

126 743 303 790 vabitur
317 780 330 802 ,
353 762 435 792 vos
458 745 658 808 protinus
684 744 965 790 fundamenta
984 742 1149 797 iacietis
1169 779 1182 802 ,
1202 761 1283 791 nec
1303 760 1419 791 con--

126 817 232 862 tenti
250 817 365 875 solo,
393 817 469 864 nisi
498 818 621 881 quod
651 834 782 863 manu
805 814 1021 874 feceritis,
1043 814 1177 861 maria
1195 815 1330 878 agetis
1348 815 1415 860 in-

127 889 300 935 trorsus.
339 890 558 936 Omnibus
583 889 685 937 licet
708 888 815 936 locis
833 887 944 935 teila
971 886 1112 934 vestra
1139 885 1418 950 splendeant,

128 959 284 1006 alicubi
305 960 505 1023 imposita
536 961 761 1008 montibus
777 996 791 1018 ,
826 961 872 1005 in
897 958 1067 1005 vastum
1087 971 1299 1005 terrarum
1319 975 1415 1005 ma-

124 1030 269 1094 risque
298 1034 600 1095 prospeffiim,
630 1032 790 1080 alicubi
825 1049 880 1078 ex
905 1033 1037 1095 plano
1063 1032 1106 1076 in
1137 1029 1413 1078 altitudinem

128 1103 348 1148 montium
368 1103 520 1149 eduEla
543 1121 552 1149 :
574 1120 674 1150 cum
693 1102 828 1150 multa
842 1101 1178 1149 aedificaveritis
1192 1134 1206 1156 ,
1229 1118 1329 1148 cum
1345 1102 1414 1149 in·-

127 1175 293 1237 gentia;
324 1188 469 1223 tamen
495 1189 537 1223 et
570 1176 730 1240 singula
760 1192 949 1237 corpora
984 1175 1082 1222 estis
1101 1211 1115 1233 ‚
1143 1187 1185 1221 et
1218 1175 1416 1237 parvula.

128 1248 251 1308 Quid
282 1250 463 1311 prosunt
490 1251 626 1297 multa
651 1249 884 1297 cubicula?
918 1249 963 1294 in
991 1266 1083 1295 uno
1113 1248 1286 1297 iacetis,
1306 1250 1416 1296 Non

127 1319 190 1366 est
221 1321 438 1380 vestrum,
474 1322 727 1387 ubicunque
761 1337 853 1367 non
886 1321 998 1368 estis.
1034 1322 1105 1368 Ad
1141 1337 1226 1369 vos
1254 1320 1416 1369 deinde

128 1395 298 1443 transeo
315 1433 328 1453 ‚
354 1414 545 1460 quorum
576 1396 794 1459 profunda
815 1408 858 1442 et
877 1395 1123 1442 insatiabilis
1149 1395 1279 1459 gula,
1312 1396 1417 1442 hinc

129 1466 263 1513 maria
279 1467 517 1524 scrutatur,
539 1469 642 1515 hinc
661 1481 810 1516 terras.
831 1468 926 1513 Alia
951 1467 1109 1525 hamis,
1134 1467 1216 1514 alia
1234 1467 1425 1532 laqueis„z

128 1540 209 1586 alia
244 1541 399 1588 retium
424 1543 558 1590 variis
579 1542 808 1607 generibus
830 1558 930 1588 cum
951 1556 1112 1605 magno
1138 1541 1289 1588 labore
1317 1557 1416 1604 per-

128 1613 323 1676 sequitur
342 1633 354 1661 :
376 1616 503 1663 nullis
526 1615 780 1662 animalibus
795 1649 810 1674 ,
838 1614 913 1660 nisi
932 1631 984 1660 ex
1001 1613 1173 1661 fastidio
1188 1650 1202 1673 ‚
1232 1631 1318 1677 pax
1340 1614 1416 1664 estg.

128 1687 403 1745 Quantulum
427 1688 544 1735 enim
569 1705 623 1734 ex
646 1687 735 1734 istis
761 1688 928 1750 epulis,
951 1703 1063 1750 quae
1090 1703 1168 1750 per
1193 1699 1262 1734 tot
1287 1704 1417 1734 com-

128 1761 287 1822 paratis
317 1778 496 1817 manus,
517 1760 626 1808 fesso
644 1760 944 1823 voluptatibus
971 1777 1048 1806 ore
1074 1759 1245 1808 libatis?
1275 1778 1419 1825 quan-

128 1833 267 1883 tulum
297 1851 354 1882 ex
380 1835 455 1882 ista
479 1836 593 1892 fera,
626 1835 868 1898 periculose
903 1848 1053 1896 capta,
1081 1835 1292 1882 dominus
1318 1852 1420 1882 cru-

130 1909 210 1954 dus
237 1926 287 1955 ac
313 1909 518 1956 nauseans
547 1909 724 1973 gustat?
762 1909 1017 1972 quantulum
1042 1925 1098 1955 ex
1125 1921 1194 1956 tot
1217 1910 1420 1975 conchy-

129 1981 222 2039 liis,
241 1994 328 2028 tam
356 1982 486 2046 longe
511 1982 731 2039 adveffis,
749 1998 829 2044 per-
847 1981 974 2027 istum
998 1980 1272 2027 stomachum
1293 1981 1421 2028 inex-

129 2053 334 2115 plebilem
359 2054 550 2100 labitur?
581 2053 775 2101 infelices
803 2053 961 2112 etiam,
992 2054 1114 2118 quod
1138 2069 1228 2099 non
1256 2054 1425 2101 intelli-1

132 2126 261 2187 gitis,
289 2143 372 2173 vos
397 2126 613 2173 maiorem
644 2126 804 2173 famem
838 2126 1020 2185 habere,
1047 2142 1178 2189 quam
1201 2141 1428 2173 ventrem.

131 2198 252 2244 Haec
281 2198 374 2245 aliis
403 2200 506 2246 dic:
535 2213 583 2246 ut
609 2199 716 2245 dum
745 2198 853 2249 dicis
871 2230 886 2255 ,
914 2198 1061 2245 audias
1096 2197 1201 2261 ipse.
1230 2197 1379 2244 Scribe
1405 2215 1419 2244 z

130 2283 177 2316 ut
196 2271 300 2316 dum
323 2271 495 2328 scribis,
521 2271 662 2334 legas3
681 2270 830 2317 omnia
849 2271 904 2318 ad
931 2287 1079 2318 mores
1093 2302 1110 2327 ,
1128 2282 1171 2317 et
1189 2270 1246 2317 ad
1265 2269 1427 2317 sedan·
1464 2333 1467 2335 -

130 2343 232 2388 dam
261 2343 426 2391 rabiem
451 2343 683 2391 affeauum
704 2343 914 2394 referens.
938 2345 1073 2394 Stude
1089 2381 1105 2406 ‚
1132 2361 1225 2394 non
1248 2356 1298 2392 ut
1319 2343 1432 2407 plus:

130 2413 295 2480 aliquid
323 2413 454 2478 scias,
484 2417 556 2466 sed
574 2432 622 2465 ut
643 2417 812 2466 melius.
1363 2417 1365 2419 ’
