1807 3004
267 223 324 253 22
522 207 911 254 LANNAEI
959 208 1318 253 SENECAE

261 313 433 376 respuat
462 314 607 361 omnis
632 313 733 358 mali
755 313 919 358 sensum
949 331 960 358 :
986 313 1225 375 accipietur
1247 313 1304 370 is,
1333 313 1410 375 qui
1437 314 1537 360 nul—

263 387 353 433 lum
383 386 511 449 poffit
539 386 651 432 ferre
679 386 852 432 malum.
877 385 992 432 Vide
1015 403 1151 447 ergo,
1177 388 1283 432 'num
1308 386 1433 433 satius
1463 385 1538 444 fit,
1804 401 1807 422 ¹

261 474 333 506 aut
352 458 713 507 invulnerabilem
733 458 925 505 animum
947 459 1114 515 dicere,
1144 475 1215 506 aut
1241 459 1432 507 animum
1453 477 1534 506 ex·
1800 460 1807 544 1

260 547 326 579 tra
342 549 519 578 omnem
542 532 791 593 patientiam
814 531 1016 595 positum.
1034 533 1133 581 Hoc
1154 533 1265 580 inter
1284 549 1364 579 nos
1382 548 1424 580 et
1441 533 1538 580 illos
1789 547 1807 623 i

259 604 447 652 interest.
470 604 632 651 Noster
653 605 818 667 sapiens
837 605 980 652 vincit
1003 606 1179 669 quidem
1199 606 1534 653 incommodum

265 693 420 734 omne,
438 676 507 722 sed
529 676 651 722 sentit
670 697 680 727 ε
698 678 872 724 illorum
887 710 900 731 ,
920 695 973 724 ne
986 678 1110 724 sentit
1125 678 1316 741 quidem.
1333 679 1437 724 Illud
1456 695 1536 724 no-

262 750 328 796 bis
346 749 542 796 cumillis
563 766 799 797 commune
819 751 879 796 est
893 787 904 807 ,
923 750 1154 812 sapientem
1179 750 1318 813 seipso
1334 751 1417 798 effe
1433 768 1538 798 con-

263 836 450 871 tentum:
468 823 537 870 sed
553 837 697 872 tamen
709 837 749 872 et
765 825 952 872 amicum
969 826 1127 873 habere
1140 825 1251 881 vult,
1267 837 1307 871 et
1320 825 1534 880 vicinum,

261 908 304 940 et
331 897 711 952 contubernalem,
743 898 942 961 quamvis
969 898 1044 944 sibi
1076 899 1162 960 ipse
1192 898 1385 948 sufficiat.
1422 899 1535 948 Vide

261 982 392 1027 quam
413 966 461 1012 fit
489 967 529 1012 se
551 982 794 1016 contentus.
819 970 1054 1032 aiiquando
1075 971 1134 1016 sui
1155 983 1275 1032 parte
1305 982 1536 1017 contentus

256 1036 344 1095 cst,
373 1038 403 1083 fi
423 1038 482 1084 illi
504 1056 679 1086 manum
696 1053 768 1087 aut
782 1042 964 1088 morbus
978 1078 990 1099 ,
1013 1055 1085 1088 aut
1105 1042 1238 1089 hostis
1258 1042 1472 1089 inciderit.
1493 1042 1537 1089 Si

261 1111 358 1173 quis
372 1113 547 1159 oculum
566 1114 685 1160 casus
699 1115 945 1171 excusserit,
964 1115 1169 1178 reliquiae
1187 1115 1247 1160 illi
1260 1115 1356 1162 suae
1372 1116 1536 1163 satisfa-

261 1184 403 1230 cient:
424 1200 467 1231 et
484 1187 563 1231 erit
578 1188 812 1233 imminuto
832 1205 1025 1251 corpore
1044 1201 1085 1234 et
1102 1201 1327 1249 amputato
1344 1200 1432 1234 tam
1451 1190 1536 1236 lae-

263 1270 354 1312 tus,
371 1266 501 1319 quam
522 1257 694 1321 integro
714 1257 808 1304 fuit.
825 1262 951 1319 Quae
970 1261 1044 1321 sibi
1065 1261 1240 1315 desunt,
1262 1277 1353 1306 non
1371 1261 1537 1307 defide-

263 1342 328 1374 rat
349 1346 360 1375 :
382 1329 455 1376 sed
475 1347 569 1376 non
593 1331 736 1380 deesse
758 1333 943 1383 mavult,
966 1334 1027 1379 Ita
1050 1331 1214 1395 sapiens
1240 1333 1281 1380 se
1304 1349 1538 1382 contentus

261 1400 349 1458 est,
377 1419 466 1448 non
495 1419 544 1450 ut
568 1404 674 1451 velit
704 1405 789 1452 effe
813 1404 900 1454 sine
927 1405 1092 1462 amico,
1122 1405 1194 1453 sed
1221 1418 1268 1453 ut
1301 1405 1463 1469 poffit:
1493 1419 1536 1452 et

263 1474 354 1520 hoc
371 1475 492 1537 quod
509 1475 613 1525 dico
630 1477 759 1539 poffit
771 1510 786 1532 ‚
804 1479 886 1526 taie
904 1477 977 1525 est.
996 1478 1195 1524 amissum
1221 1495 1365 1541 aequo
1385 1478 1535 1524 animo

262 1543 369 1591 sert:
391 1545 478 1593 fine
495 1548 642 1595 amico
662 1551 839 1613 quidem
862 1568 1083 1614 nunquam
1102 1551 1196 1598 erit.
1232 1551 1278 1597 in
1308 1550 1378 1596 sua
1404 1564 1536 1612 pote·
1599 1576 1603 1578 ·
1670 1567 1674 1577 ¹

263 1616 370 1665 flate
392 1619 550 1679 habet,
575 1639 705 1685 quam
732 1623 821 1672 cito
840 1638 1021 1685 reparet.
1050 1624 1301 1684 Quomodo
1333 1621 1363 1668 fi
1384 1623 1533 1685 perdi-

264 1693 377 1740 derit
396 1695 565 1743 Phidias
590 1697 792 1754 statuam‚
814 1697 1014 1761 protinus
1030 1697 1206 1744 alteram
1229 1697 1358 1744 faciet
1383 1715 1395 1744 :
1416 1697 1472 1743 fic
1493 1710 1537 1744 et
1567 1710 1579 1742 r

262 1765 336 1812 hic
357 1765 656 1815 faciendarum
674 1770 961 1817 amicitiarum
980 1770 1153 1829 artifex,
1173 1769 1535 1816 substituetalium

264 1837 311 1884 in
329 1840 481 1887 locum
500 1841 648 1888 amisii.
668 1843 854 1902 Quaeris
872 1843 1105 1905 quomodo
1124 1842 1312 1888 amicum
1334 1842 1425 1888 cito
1441 1841 1537 1889 fac-

264 1926 386 1958 turus
404 1912 481 1959 fit?
513 1913 652 1960 dicam
671 1948 685 1970 ,
711 1913 739 1958 fi
762 1913 867 1959 illud
890 1913 997 1959 mihi
1018 1925 1162 1960 tecum
1181 1913 1440 1960 'convenerit
1452 1949 1468 1970 ‚
1489 1927 1537 1962 ut

263 1982 405 2029 statim
425 1985 503 2031 tibi
525 1986 688 2032 solvam
713 1986 835 2048 quod
855 1985 994 2031 debeo
1011 2020 1024 2042 ‚
1053 2000 1096 2032 et
1120 1998 1329 2048 quantum
1348 1986 1401 2032 ad
1424 1987 1534 2034 hanc

216 2082 240 2117 s
263 2054 491 2118 epistolam
511 2094 524 2115 ‚
553 2058 672 2121 paria
706 2057 928 2105 faciamus.
967 2059 1168 2122 Hecaton
1195 2057 1253 2104 ait
1279 2075 1290 2104 ε
1323 2059 1421 2121 Ego
1452 2059 1534 2105 tibi

204 2119 217 2137 Ι
264 2128 519 2176 monstrabo
547 2121 832 2188 ammonam,
853 2130 940 2175 fine
960 2130 1306 2188 medicamento,
1326 2130 1412 2176 fine
1437 2130 1536 2178 her-

264 2199 319 2246 ?ia
334 2237 347 2256 ‚
368 2201 454 2250 sine
483 2204 605 2252 uliius
633 2203 856 2252 veneficae
875 2202 1077 2250 carmine.
1099 2202 1142 2248 Si
1160 2202 1229 2249 vis
1247 2203 1404 2258 amari,
1426 2219 1536 2251 ama.

264 2274 408 2321 Habet
432 2289 574 2323 autem
607 2294 698 2324 non
721 2290 889 2323 tantum
914 2265 1126 2322 amicitiae
1150 2274 1273 2330 usus,
1302 2275 1461 2323 veteris
1493 2287 1536 2322 et

263 2365 435 2408 certae,
473 2368 672 2417 magnam
703 2353 1003 2415 vohtptatem‚
1036 2353 1107 2414 sed
1133 2352 1259 2398 etiam
1292 2351 1461 2398 initium
1490 2366 1534 2400 et

265 2425 538 2484 ‘canipatatio
575 2444 736 2474 novae.
773 2429 911 2487 Quod
943 2426 1117 2475 interest
1149 2427 1261 2473 inter
1298 2441 1534 2473 metentem

265 2495 523 2558 agricoiam‚
553 2514 595 2544 et
625 2499 833 2546 serentem
857 2517 867 2546 ε
887 2500 974 2547 hoc
1003 2500 1116 2546 inter
1137 2501 1236 2547 eum
1263 2500 1338 2563 qui
1366 2498 1532 2561 paravit
