1807 3004
481 173 1059 221 EPISTOLAE.
1315 190 1400 240 335

136 301 195 331 ex
219 283 340 329 malo
375 297 464 327 non
501 278 685 341 possunt.
725 280 838 325 Nam
871 279 900 324 fi
919 315 932 338 ‚
961 291 1007 325 ut
1038 277 1178 326 dicitis
1197 313 1210 335 ‚
1240 280 1302 326 ob
1320 282 1408 329 hoc

142 372 276 401 unum
313 351 581 413 sacrilegium
618 353 777 397 malum
813 351 901 408 est,
945 351 1048 415 quia
1086 352 1270 398 multum
1309 355 1411 402 mali

138 427 288 474 affert:
318 428 348 473 fi
368 426 581 473 remiseris
602 428 659 473 illi
693 427 898 490 {supplicia
915 462 927 484 ,
951 428 978 472 fi
1007 427 1277 476 securitatem
1307 429 1409 492 spo-

140 500 368 562 ¹ponderis,
389 516 444 544 ex
468 512 568 545 toto
588 501 754 545 bonum
781 499 875 546 erit.
903 498 1038 562 Atqui
1057 500 1294 547 maximum
1318 503 1412 551 sce-

140 575 278 620 lerum
299 573 554 634 supplicium
584 574 629 619 in
657 573 754 635 ipfis
773 572 845 619 est.
872 574 1027 629 Erras,
1056 573 1259 636 inquam,
1294 576 1325 622 fi
1343 577 1412 624 illa

143 648 198 692 ad
225 646 472 692 carnificem
500 659 572 693 aut
598 649 652 693 ad
677 662 899 694 carcerem
929 644 1090 692 differs.
1113 645 1251 693 statim
1281 650 1415 712 puni-

144 731 274 764 untur
304 735 406 764 cum
431 718 538 766 faeta
568 719 689 774 sunt,
710 718 848 766 immo
873 719 976 765 dum
1005 718 1127 766 fiunt.
1153 721 1257 767 Non
1284 722 1415 771 nasci·⁵

143 809 214 839 tur
239 793 382 853 itaque
412 809 466 838 ex
492 793 609 839 malo
641 793 834 849 bonum,
866 808 960 837 non
990 792 1125 855 magis
1153 809 1282 857 quam
1310 794 1419 843 ficus

144 883 199 912 ex
226 866 336 912 olea.
361 866 417 911 ad
438 865 579 912 semen
603 878 698 911 nata
725 865 987 928 respond-ent
1008 882 1018 911 :
1045 865 1162 912 bona
1186 867 1421 930 degenera-

146 955 192 985 re
214 954 302 983 non
330 937 518 999 poffunt.
551 937 939 998 Quemadmodum
968 955 1022 984 ex
1048 939 1164 1002 turpi
1188 940 1420 989 honestum

147 1029 239 1058 non
263 1010 474 1065 nascitur,
506 1012 563 1057 ita
585 1028 639 1057 ne
668 1028 718 1057 ex
746 1012 864 1057 malo
887 1011 1067 1074 quidem
1093 1013 1257 1059 bonum
1280 1032 1290 1060 ε
1319 1033 1420 1062 nam

148 1086 264 1132 idem
290 1085 350 1131 est
367 1084 595 1131 honestum
613 1099 654 1129 et
672 1085 853 1130 bonum.
889 1083 1081 1143 Quidam
1101 1102 1155 1132 ex
1177 1086 1333 1136 nostris
1352 1090 1424 1136 ad·

148 1158 295 1206 versus
324 1158 413 1203 hoc
443 1157 500 1202 fic
526 1156 819 1218 respondent:
848 1170 1048 1219 putemus
1080 1159 1309 1220 pecuniam
1341 1162 1424 1208 bo-

150 1248 255 1278 num
281 1229 366 1276 effe
389 1229 679 1290 undecunque
704 1228 914 1284 sumtam,
950 1245 1041 1275 non
1065 1242 1209 1277 tamen
1232 1232 1338 1279 ideo
1369 1251 1425 1281 ex

150 1301 381 1364 sacrilegio
405 1299 585 1363 pecunia
610 1299 692 1356 est,
732 1299 892 1346 etiamsi
914 1318 967 1347 ex
995 1300 1204 1365 sacrilego
1233 1304 1426 1352 sumitur.

153 1377 256 1423 Hoc
284 1374 340 1421 sic
372 1373 576 1435 intellige.
616 1374 663 1417 In
694 1373 843 1418 eadem
871 1390 977 1419 urna
1007 1387 1050 1419 et
1079 1390 1232 1421 aurum
1261 1376 1350 1435 est,
1383 1393 1428 1426 et

154 1450 320 1512 vipera,
345 1449 389 1494 Si
411 1464 562 1493 aurum
588 1464 642 1492 ex
666 1463 773 1492 urna
795 1445 1003 1492 sustuleris
1019 1479 1033 1501 ,
1055 1447 1156 1509 quia
1185 1447 1269 1494 illic
1296 1459 1337 1494 et
1359 1450 1427 1496 vi-

155 1538 256 1585 pera
282 1521 369 1579 est,
401 1537 493 1566 non
522 1521 624 1566 ideo
650 1519 759 1565 mihi
789 1536 894 1564 urna
925 1536 1075 1565 aurum
1096 1521 1195 1578 dar,
1221 1521 1328 1583 ‘quia
1355 1523 1428 1569 vi·

156 1610 304 1656 peram
334 1593 490 1649 habet,
515 1592 584 1638 sed
611 1608 759 1637 aurum
791 1591 886 1646 dat,
923 1607 1023 1636 cum
1048 1603 1091 1637 et
1123 1591 1321 1653 viperam
1349 1593 1429 1640 ha·

153 1667 264 1713 beat.
304 1666 471 1711 Eodem
500 1665 638 1710 modo
664 1682 718 1710 ex
753 1662 975 1725 sacrilegio
1010 1664 1181 1709 lucrum
1217 1663 1302 1710 fit:
1338 1683 1429 1713 non

156 1755 242 1800 qua
264 1752 389 1800 turpe
417 1753 460 1783 et
483 1737 732 1783 sceleratum
758 1735 817 1781 est
842 1734 1108 1797 sacrilegium
1126 1771 1139 1792 ,
1159 1735 1230 1782 sed
1251 1754 1332 1799 qua
1363 1739 1431 1785 lu-

158 1827 280 1857 crum
303 1810 441 1856 habeti
472 1809 847 1872 quemadmodum
876 1806 921 1852 in
946 1806 1018 1852 illa
1039 1823 1146 1852 urna
1168 1809 1318 1869 vipera
1340 1828 1432 1856 ma-

157 1883 249 1929 lum
278 1881 338 1928 est
354 1917 367 1939 ,
394 1898 483 1927 non
509 1897 661 1927 aurum
685 1880 807 1942 quod
839 1896 939 1924 cum
969 1879 1119 1940 vipera
1145 1879 1255 1927 iacet
1276 1900 1285 1927 :
1307 1881 1363 1929 s1c
1385 1884 1430 1930 in

160 1955 383 2017 sacrilegio
414 1955 576 2000 malum
607 1953 667 2000 est
699 1954 864 2007 scelus,
903 1968 993 1998 non
1026 1953 1211 2000 lucrum.
1255 1957 1431 2016 Quibus

162 2029 432 2092 opponitur:
460 2027 751 2075 Diffimillima
780 2026 1006 2089 utriusque
1037 2025 1101 2072 rei
1135 2029 1333 2076 conditio
1356 2031 1430 2079 est⁰

162 2103 254 2148 Illic
280 2103 430 2147 aurum
457 2100 625 2162 possum
653 2098 739 2145 fine
768 2097 918 2159 vipera
944 2098 1097 2144 tollere
1124 2116 1134 2144 ;
1163 2099 1234 2146 hic
1258 2102 1427 2150 lucrum

162 2173 249 2220 fine
275 2173 496 2235 sacrilegio
522 2171 663 2218 facere
686 2187 776 2217 non
803 2168 989 2232 poffum.
1013 2170 1180 2216 lucrum
1206 2171 1316 2222 istud
1340 2192 1430 2222 non

163 2248 223 2295 est
257 2246 498 2309 appositum
536 2244 712 2301 sceleri,
743 2243 814 2290 sed
849 2243 1112 2290 immixtum.
1157 2247 1296 2305 Quod
1326 2249 1429 2296 dum

162 2317 368 2380 consequi
391 2318 618 2374 volumus,
641 2317 684 2362 in
708 2316 842 2362 multa
868 2316 976 2362 mala
1002 2315 1256 2373 incidimus,
1280 2318 1325 2364 id
1345 2320 1429 2365 bo-

164 2407 267 2436 num
287 2406 376 2435 non
393 2390 466 2435 est.
484 2391 588 2435 dum
609 2388 780 2435 divitias
796 2387 1001 2449 consequi
1021 2388 1241 2447 volumus,
1259 2390 1304 2436 in
1321 2392 1430 2438 mul-

163 2478 207 2510 ta
232 2463 343 2509 mala
371 2462 600 2513 incidimus
624 2478 635 2508 :
666 2477 773 2524 ergo
804 2460 979 2508 divitiae
1003 2460 1171 2508 bonum
1196 2479 1286 2510 non
1319 2464 1431 2512 sunt.
