1797 2956
359 188 451 250 396
617 190 664 235 L.
707 190 994 237 ΑΝΝΑΕῙ
1040 192 1392 242 SENECAE

358 289 436 335 nifi
463 291 587 353 quod
609 292 716 338 haec
733 294 894 339 morbo
924 294 1118 354 laborat,
1144 297 1214 343 illa
1243 297 1525 360 opinionibus
1546 299 1627 346 fal-

357 362 422 409 fis.
455 364 602 410 Altera
629 366 768 412 causas
793 366 951 413 furoris
977 368 1104 413 traxit
1128 385 1182 414 ex
1204 371 1450 417 valetudine
1466 407 1479 429 ,
1497 372 1630 418 altera

356 436 488 481 animi
521 437 630 481 mala
660 439 868 484 valetudo
899 439 970 485 est.
997 439 1040 485 Si
1070 440 1168 503 quis
1201 440 1370 488 furioso
1402 455 1629 504 praecepta

356 509 458 567 det,
491 512 723 573 quomodo
749 512 873 574 loqui
896 514 1082 570 debeat,
1108 517 1340 577 quomodo
1359 517 1628 578 procedere,

354 583 590 645 quomodo
620 584 664 629 in
683 585 863 646 publico
889 586 930 632 se
952 604 1101 649 gerere
1118 621 1132 643 ‚
1157 589 1388 650 quomodo
1406 589 1450 634 in
1480 587 1629 650 priva-

353 667 434 711 t0;
466 656 548 702 erit
579 655 705 718 ips0,
733 674 864 721 quem
899 660 1119 715 monebit,
1148 660 1348 706 insanior.
1379 661 1475 707 bilis
1507 661 1626 724 nigra

351 731 540 776 curanda
560 731 642 789 est,
668 746 711 779 et
733 732 818 795 ipsa
843 733 1007 781 furoris
1038 736 1163 781 causa
1188 734 1472 781 removenda.
1506 735 1625 781 Idem

351 802 397 848 in
423 804 509 853 hoc
538 806 626 851 alio
656 806 788 852 animi
810 807 960 855 furore
981 808 1229 856 faciendum
1249 807 1321 854 est.
1351 807 1441 869 ipse
1472 807 1626 854 discuti

349 876 478 924 debet
501 895 511 924 τ
540 878 737 942 alioquin
765 880 947 927 abibunt
971 881 1014 927 in
1035 899 1201 929 vanum
1225 880 1500 927 monentium
1523 896 1626 926 ver-

349 948 417 994 ba.
447 950 568 997 Haec
596 952 649 997 ab
683 952 882 999 Aristone
911 952 1129 1001 dicuntur.
1152 954 1241 1000 Cui
1271 952 1628 1014 respondebimus

348 1024 401 1068 ad
424 1023 600 1087 singula.
629 1025 822 1072 Primum
843 1027 1050 1074 adversus
1078 1027 1183 1073 illud
1207 1027 1328 1088 quod
1352 1027 1433 1083 ait,
1462 1025 1492 1070 fi
1519 1024 1626 1087 quid

344 1095 485 1141 obstat
513 1098 675 1155 ocuIO,
701 1113 743 1145 et
775 1098 959 1159 impedit
994 1099 1169 1156 visum,
1201 1098 1359 1144 debere
1388 1096 1625 1145 removeri.

345 1169 499 1214 Fateor
515 1204 528 1224 ‚
549 1169 650 1216 huic
672 1187 761 1216 non
785 1172 868 1218 effe
893 1189 1004 1234 opus
1024 1172 1266 1234 praeceptis
1283 1172 1336 1217 ad
1355 1171 1594 1217 videndum
1610 1206 1626 1228 ‚

343 1240 414 1286 fed
445 1243 644 1289 remedio
665 1261 759 1307 quo
785 1259 993 1308 purgetur
1016 1246 1156 1301 acies,
1183 1258 1226 1292 et
1251 1245 1517 1291 officientem
1543 1244 1623 1291 fibi

343 1331 514 1361 moram
536 1317 724 1381 effugiat.
746 1320 910 1366 Natura
934 1319 1051 1366 enim
1071 1320 1272 1367 videmus
1294 1336 1305 1363 :
1328 1319 1400 1366 cui
1416 1318 1541 1365 usum
1559 1317 1624 1366 sui

339 1389 508 1445 reddit,
540 1390 613 1453 qui
645 1405 850 1438 removet
875 1392 1100 1439 obstantia.
1131 1392 1253 1452 Quid
1286 1404 1431 1438 autem
1462 1390 1623 1453 cuique

342 1460 550 1508 debeatur
578 1464 762 1520 officio,
801 1478 952 1512 natura
988 1482 1079 1511 non
1115 1466 1258 1512 docet.
1295 1465 1471 1513 Deinde
1502 1464 1625 1510 cuius

341 1546 486 1579 curata
515 1535 688 1583 suffufio
718 1537 800 1595 est,
830 1538 865 1584 is
886 1555 975 1584 non
994 1537 1194 1599 protinus
1216 1554 1317 1583 cum
1342 1537 1481 1584 visum
1502 1553 1623 1583 rece·

341 1607 434 1668 pit,
463 1609 558 1656 aliis
577 1627 757 1674 quoque
791 1612 934 1674 potest
965 1613 1170 1658 reddere:
1199 1611 1359 1658 malitia
1389 1611 1622 1663 liberatus,

341 1693 384 1725 et
416 1679 576 1727 liberat.
607 1684 713 1728 Non
744 1684 804 1729 est
833 1700 944 1746 opus
974 1684 1274 1730 exhortatione
1292 1719 1305 1741 ‚
1330 1699 1411 1730 nec
1438 1681 1620 1728 consilio

338 1751 517 1814 quidem
538 1788 549 1807 ,
576 1769 623 1801 ut
644 1755 843 1802 colorum
875 1757 1162 1818 proprietates
1181 1755 1334 1802 oculus
1350 1754 1569 1817 intelligat.
1594 1771 1619 1800 a

338 1825 466 1888 nigro
487 1824 632 1872 album
647 1862 661 1885 ‚
685 1828 814 1873 etiam
837 1828 957 1873 nullo
978 1842 1215 1883 monente,
1236 1826 1477 1889 distinguet.
1500 1825 1615 1872 mul-

336 1897 392 1942 tis
422 1910 576 1944 contra
613 1900 850 1962 praeceptis
885 1913 982 1962 eget
1017 1901 1210 1957 animus‚
1246 1912 1293 1946 ut
1331 1899 1477 1946 videat
1512 1898 1618 1962 quid

337 1970 553 2032 agendum
574 1970 624 2018 fit
650 1971 694 2017 in
717 1973 823 2019 vita.
867 1975 1132 2036 Quanquam
1160 1972 1316 2019 oculos
1335 1987 1515 2035 quoque
1543 1987 1617 2017 ae-

336 2058 439 2104 gros
467 2043 664 2091 medicus
689 2062 779 2091 non
809 2060 976 2093 tantum
1011 2059 1162 2100 curat,
1194 2045 1265 2091 fed
1291 2044 1422 2091 etiam
1447 2054 1626 2095 monet.⁴

335 2116 441 2162 Non
471 2116 560 2172 est,
588 2117 757 2181 inquit,
789 2120 911 2181 quod
952 2119 1153 2180 protinus
1179 2116 1442 2164 imbecillam
1473 2115 1615 2163 aciem

338 2189 588 2237 committas
608 2190 819 2253 improbo
836 2190 1013 2237 lumini:
1029 2207 1052 2237 a
1072 2188 1260 2237 tenebris
1277 2188 1423 2251 primo
1442 2188 1496 2234 ad
1514 2204 1613 2234 um-

336 2259 463 2308 brosa
488 2263 702 2324 procede,
725 2263 882 2309 dein-de
899 2263 993 2326 plus
1011 2263 1121 2310 aude
1134 2294 1148 2316 ‚
1169 2276 1212 2309 et
1231 2262 1436 2325 paulatim
1456 2261 1613 2310 claram

336 2334 477 2382 lucem
499 2337 586 2398 pati
604 2335 804 2384 affuesce.
824 2338 928 2384 Non
949 2336 1009 2384 est
1025 2338 1147 2400 quod
1163 2336 1259 2399 post
1273 2337 1418 2383 cibum
1434 2336 1614 2394 studeas,

336 2424 426 2453 non
460 2409 520 2456 est
551 2410 672 2473 quod
708 2411 846 2473 plenis
876 2410 1013 2458 oculis
1039 2427 1089 2457 ac
1116 2408 1382 2457 tumentibus
1411 2409 1611 2471 imperes·

337 2480 543 2528 Afflatum
561 2493 604 2530 et
627 2481 718 2531 vim
738 2481 914 2547 frigoris
941 2482 987 2530 in
1006 2498 1056 2530 os
1073 2480 1347 2532 occurrentis
1365 2480 1479 2528 evita
1498 2496 1513 2526 ι
1528 2478 1610 2525 alia
