1797 2956
528 158 569 172 C-

306 209 396 263 246
565 208 613 253 L.
655 206 946 251 ANNAE1
991 205 1332 252 SENECAE

303 313 562 360 Secedamus
594 312 743 375 itaque
774 312 829 357 ab
854 311 940 358 istis
969 311 1110 369 ludis,
1137 325 1179 359 et
1204 313 1356 360 demus
1388 313 1582 377 raptori-

303 386 385 432 bus
409 386 572 433 locum.
609 387 671 432 llli
698 387 885 449 speeiem
916 386 1033 432 bona
1055 387 1130 433 ista
1161 388 1416 451 pendentia,
1440 389 1578 451 etipfi

303 462 442 524 magis
473 460 704 524 pendeant.
743 460 1013 524 Quicunque
1044 461 1190 509 beatus
1219 463 1301 510 effe
1339 463 1584 522 constituit,

304 552 442 581 unum
469 534 555 580 effe
583 534 750 580 bonum
779 545 926 595 putet,
959 534 1080 596 quod
1107 535 1335 584 honestum
1366 535 1440 583 est.
1468 538 1584 584 Nam

302 608 332 653 fi
354 607 489 653 ullum
508 606 622 652 aliud
649 605 888 663 existimat,
910 606 1100 668 primum
1127 607 1239 653 male
1271 608 1325 654 de
1345 607 1584 670 providen-

303 683 362 728 tia
393 679 556 727 iudicat
580 680 716 742 :quia
750 680 882 726 multa
914 680 1201 727 incommoda
1232 680 1348 728 iustis
1376 681 1482 728 viris
1510 697 1585 728 ac*

302 756 456 803 cidunt
476 772 488 800 ε
508 768 551 801 et
571 756 671 817 quia
706 752 920 816 quidquid
948 753 1075 799 nobis
1106 753 1256 810 dedit,
1286 753 1422 800 breve
1451 753 1512 801 est
1543 765 1586 800 et

305 833 539 896 exiguum,
555 829 585 874 fi
603 845 834 890 comparas
854 829 1003 874 mundi
1029 828 1160 875 totius
1178 845 1307 877 aevo,
1338 831 1400 874 Ex
1419 829 1499 876 hac
1520 829 1589 875 de·-

307 904 559 969 ploratione
582 901 798 958 nascitur,
828 918 875 947 ut
899 901 1055 965 ingrati
1080 901 1337 948 divinorum
1370 902 1587 965 interme:

304 995 368 1027 tes
385 981 529 1029 simus,
547 977 798 1041 querimur,
816 977 939 1039 quod
966 993 1055 1022 non
1076 976 1261 1039 semper,
1288 989 1331 1022 et
1351 977 1473 1039 quod
1494 993 1589 1038 paue

307 1071 358 1104 ca
380 1052 532 1107 nobis,
559 1064 602 1099 et
628 1050 822 1105 incerta,
847 1062 890 1095 et
917 1048 1083 1094 abitura
1107 1048 1376 1111 contingant.
1408 1049 1509 1093 Inde
1527 1047 1589 1094 est

307 1127 431 1189 quod
449 1141 529 1170 nec
544 1123 715 1177 vivere,
736 1139 816 1168 nec
832 1121 946 1167 mori
964 1121 1186 1167 volumus.
1206 1121 1323 1167 vitae
1338 1138 1419 1168 nos
1434 1121 1588 1167 odium

306 1213 425 1248 tenet
440 1234 454 1255 ,
474 1198 611 1244 timor
632 1195 803 1242 mortis⁹
832 1197 966 1241 Nutat
986 1210 1117 1240 omne
1135 1193 1385 1250 consilium,
1406 1210 1486 1240 nec
1506 1193 1589 1240 im·

309 1273 427 1336 plere
449 1285 529 1315 nos
551 1266 635 1312 ulla
656 1265 840 1312 felicitas
858 1264 1012 1326 potest.
1037 1265 1176 1311 Causa
1204 1278 1349 1310 autem
1374 1264 1450 1322 est,
1467 1264 1592 1327 quod

310 1363 402 1393 non
434 1340 716 1406 pervenimus
745 1341 799 1386 ad
834 1340 939 1385 iliud
970 1338 1137 1384 bonum
1166 1336 1426 1384 immensum
1449 1350 1492 1383 et
1517 1337 1589 1382 in-

311 1416 574 1480 superabile,
606 1415 681 1460 ubi
707 1413 873 1461 necesse
903 1412 964 1460 est
987 1412 1148 1458 resistat
1175 1412 1382 1458 voluntas
1414 1409 1592 1468 nostra,

309 1490 412 1554 quia
435 1488 545 1535 ultra
576 1487 792 1534 summum
823 1502 914 1531 non
953 1485 1015 1532 est
1044 1485 1182 1531 locus.
1214 1482 1430 1542 Quaeris,
1455 1498 1590 1545 quare

313 1563 450 1609 virtus
477 1561 599 1606 nullo
622 1560 783 1622 egeat?
820 1557 1113 1620 praesentibus
1138 1555 1321 1618 gaudet,
1357 1570 1449 1600 non
1477 1570 1590 1601 con-

312 1633 493 1695 cupiscit
517 1631 705 1677 absentia
724 1649 733 1677 :
756 1630 859 1676 nihil
882 1646 973 1675 non
999 1629 1058 1676 illi
1081 1646 1286 1692 magnum
1309 1627 1386 1686 est,
1406 1628 1507 1692 quia
1528 1628 1593 1675 sa-

311 1710 380 1753 tis.
423 1706 490 1751 Ab
519 1706 610 1756 hoc,
631 1704 798 1751 discede
826 1703 993 1750 iudicio
1021 1721 1031 1748 :
1058 1719 1151 1748 non
1186 1702 1323 1764 pietas
1355 1701 1593 1760 constabit,

313 1794 404 1824 non
437 1776 543 1822 fides
562 1794 572 1821 :
594 1776 728 1822 multa
758 1788 987 1837 utramque
1018 1773 1230 1837 praestare
1257 1771 1450 1834 cupienti
1481 1773 1593 1835 pati-

311 1850 424 1895 enda
459 1849 552 1894 sunt
586 1865 641 1899 ex
682 1848 775 1904 his,
818 1864 930 1910 quae
963 1847 1073 1892 mala
1109 1845 1378 1909 appellantur
1410 1862 1422 1891 ε
1453 1844 1593 1895 multa

309 1922 604 1984 impendenda
625 1922 717 1968 sunt
742 1939 793 1966 ex
813 1921 878 1968 his
894 1956 911 1978 ,Ἰ
935 1920 1092 1983 quibus
1116 1920 1365 1982 indigemus
1385 1930 1591 1981 tanquam

311 1992 455 2040 bonis.
500 1993 612 2039 Perit
641 1992 887 2049 fortitudo,
919 2009 1029 2054 quae
1061 1991 1305 2055 periculum
1335 1989 1480 2037 facere
1513 1989 1592 2036 de-

310 2068 388 2112 bet
412 2064 476 2112 sui
497 2082 507 2111 :
539 2065 650 2128 perit
678 2066 1038 2129 magnanimitas,
1059 2081 1170 2129 quae
1201 2070 1291 2110 noh
1315 2062 1458 2126 potest
1482 2063 1595 2110 emi-

310 2156 446 2195 nere,
481 2139 557 2185 nisi
593 2139 742 2185 omnia
778 2139 898 2186 velut
934 2139 1101 2186 minuta
1142 2135 1450 2193 contemserit,
1482 2152 1594 2200 quae

310 2224 394 2273 pro
427 2212 628 2259 maximis
661 2214 823 2276 vulgus
844 2226 966 2275 optat
997 2230 1007 2258 :
1038 2212 1151 2275 perit
1185 2211 1344 2274 gratia,
1372 2226 1414 2256 et
1440 2209 1594 2257 relatio

310 2286 472 2349 gratiae
498 2285 744 2333 aestimatur
762 2286 914 2344 labor,
933 2287 962 2332 fi
983 2287 1219 2349 quidquam
1253 2284 1482 2348 pretiosius
1507 2281 1595 2331 fide

310 2359 542 2414 novimus,
563 2359 593 2406 fi
611 2377 702 2406 non
732 2360 901 2422 optima
931 2360 1179 2421 speeiamus.
1205 2360 1287 2405 Sed
1312 2372 1360 2404 ut
1378 2357 1447 2403 illa
1470 2373 1592 2420 prae-

311 2444 503 2482 teream,
536 2446 607 2479 aut
633 2431 706 2478 ista
735 2432 853 2478 bona
879 2449 968 2479 non
994 2431 1090 2478 sunt
1109 2448 1218 2495 quae
1242 2444 1485 2487 vocantur,
1517 2442 1591 2475 aut

311 2503 451 2551 homo
485 2504 655 2557 felicior
674 2506 779 2552 Deo
813 2504 887 2552 est.
915 2504 1125 2569 quoniam
1162 2504 1340 2568 quidem
1374 2518 1483 2566 quae
1517 2517 1597 2569 pa*
