1797 2956
378 205 473 248 4¹4
635 192 683 237 L.
732 192 1023 238 ΑΝΝΑΕΙ
1072 194 1425 243 SENECAE

439 321 511 363 Di
548 338 643 364 erere
680 320 907 379 incipiam,
944 318 986 366 δ’
1019 340 1146 368 rerum
1176 327 1402 382 primordia
1424 330 1647 387 pandam,

445 396 568 438 Unde
596 395 729 438 omm's
757 409 907 438 natura
931 411 1029 440 creet
1048 415 1105 457 ref
1124 433 1138 451 ‚
1157 398 1304 453 anslec,
1329 402 1518 458 alatque,

442 467 614 527 Quoque
640 469 777 512 eadem
800 469 936 528 rurfits
956 484 1106 514 natura
1115 487 1299 530 peremta
1317 472 1519 531 resolvat:

373 606 421 640 ut
451 592 508 638 ait
529 593 770 640 Lucretius.
794 593 989 656 sequitur
1016 612 1151 657 ergo,
1176 609 1221 642 ut
1246 614 1346 643 cum
1374 599 1650 661 contempla-

370 666 462 713 tiva
500 666 576 723 sit,
612 666 762 712 habeat
802 667 973 712 decreta
1004 667 1087 712 sua.
1121 669 1270 728 Quid,
1306 670 1428 731 quod
1456 670 1649 718 facienda

371 752 553 799 quoque
580 753 712 783 nemo
744 736 825 783 rite
855 736 1023 792 obibit,
1047 739 1125 783 nisi
1156 739 1189 784 is
1217 739 1286 784 cui
1317 740 1427 785 ratio
1452 742 1533 786 erit
1558 754 1649 788 tra-

373 809 485 866 (lita,
518 827 602 872 qua
634 810 678 854 in
706 826 882 872 quaque
910 828 957 856 re
983 826 1138 856 omnes
1164 811 1414 858 officiorum
1441 829 1649 862 numeros

370 884 547 947 exsequi
569 883 725 946 poffit?
753 899 866 947 quos
892 901 984 930 non
1012 884 1223 939 servabit,
1245 885 1321 947 qui
1343 885 1386 930 in
1411 902 1502 931 rem
1527 903 1649 948 prae-

370 970 495 1019 cepta
520 957 757 1018 acceperit,
784 973 874 1015 non
896 957 939 1001 in
962 972 1111 1001 omne.
1142 957 1360 1003 Imbecilla
1385 957 1478 1002 sunt
1496 975 1573 1019 per
1590 958 1648 1016 se,

369 1046 436 1087 et,
457 1042 503 1075 ut
521 1031 577 1075 ita
601 1029 770 1085 dicam,
797 1028 884 1075 sine
918 1029 1061 1075 radice
1080 1060 1094 1083 ,
1119 1046 1230 1091 quae
1258 1029 1450 1090 partibus
1478 1030 1648 1078 dantur.

370 1105 560 1151 Decreta
591 1103 687 1150 sunt
717 1119 826 1166 quae
863 1103 1086 1156 muniant,
1114 1119 1224 1165 quae
1256 1103 1527 1149 securitatem
1559 1120 1647 1149 no-

371 1178 519 1235 stram,
549 1177 990 1240 tranquillitatemque
1016 1190 1218 1224 tueantur
1234 1211 1247 1232 ,
1273 1193 1384 1238 quae
1414 1191 1550 1222 totam
1576 1177 1647 1223 vi-

367 1266 476 1306 tam,
491 1265 719 1314 totamque
738 1267 883 1297 rerum
903 1263 1102 1296 naturam
1122 1250 1245 1295 simul
1265 1250 1525 1297 contineant.
1544 1251 1646 1297 Hoc

367 1324 540 1371 interest
571 1324 684 1371 inter
716 1323 887 1370 decreta
924 1321 1228 1383 philosophiae
1247 1356 1261 1378 ‚
1296 1334 1339 1366 et
1377 1337 1605 1383 praecepta
1631 1339 1645 1368 :

363 1398 486 1454 quod
506 1397 618 1442 inter
636 1394 866 1450 elementa,
884 1406 927 1439 et
946 1393 1156 1438 membra.
1179 1393 1283 1438 haec
1304 1410 1357 1438 ex
1380 1392 1461 1439 illis
1479 1394 1643 1456 depen-

361 1456 490 1517 dent:
509 1469 578 1515 illa
599 1484 642 1516 et
666 1468 825 1513 horum
846 1465 995 1512 causae
1013 1466 1108 1511 sunt
1127 1481 1169 1512 et
1187 1465 1611 1527 omniumAntiqua
1625 1500 1640 1522 ,

363 1543 505 1607 inquit
520 1579 535 1600 ,
552 1541 759 1605 sapientia
778 1541 886 1586 nihil
902 1540 1020 1586 aliud
1036 1575 1049 1597 ‚
1067 1557 1199 1603 quam
1221 1539 1418 1586 facienda
1436 1554 1479 1586 et
1492 1541 1641 1587 vitan-

362 1616 440 1671 da,
474 1615 726 1677 praecepit:
749 1628 792 1660 et
828 1629 932 1659 tunc
967 1614 1100 1676 longe
1129 1612 1332 1659 meliores
1360 1627 1483 1659 erant
1514 1613 1601 1659 viri
1627 1606 1656 1661 :⁸

363 1687 592 1750 postquam
629 1686 749 1731 dosii
780 1684 1072 1746 prodierunt,
1112 1683 1219 1728 boni
1251 1683 1415 1730 desunt.
1447 1684 1640 1746 Simplex

362 1759 479 1806 enim
499 1758 569 1804 illa
587 1772 630 1804 et
646 1771 793 1819 aperta
814 1756 951 1803 virtus
968 1758 1013 1801 in
1028 1754 1256 1799 obscuram
1272 1770 1315 1800 et
1337 1755 1615 1803 solertemsssci
1627 1784 1641 1793 -

360 1833 519 1879 entiam
552 1832 676 1879 versa
706 1831 790 1887 est,
815 1831 1118 1891 docemurque
1139 1828 1384 1890 disputare,
1412 1846 1502 1876 non
1519 1831 1642 1878 vive·

359 1923 420 1952 re.
450 1905 546 1951 Fuit
575 1905 662 1952 sine
689 1905 852 1959 dubi-0,
885 1919 932 1949 ut
961 1903 1105 1948 dicitis
1122 1937 1134 1960 ,
1167 1917 1292 1948 vetus
1316 1902 1388 1948 illa
1411 1903 1640 1963 sapientia,

360 1995 460 2024 cum
492 1978 682 2024 maxime
711 1978 886 2034 nascens
905 2009 919 2031 ‚
946 1977 1064 2022 rudis
1086 1993 1096 2021 :
1119 1993 1208 2020 non
1235 1975 1376 2022 minus
1400 1993 1532 2040 quam
1562 1972 1638 2023 ce-'

359 2066 476 2099 terae
492 2066 629 2108 arteS,
650 2068 832 2114 quarum
858 2051 902 2094 ii]
921 2049 1124 2112 processu
1153 2048 1354 2094 subtilitas
1374 2050 1530 2116 crevit.
1554 2051 1638 2097 Sed

318 2132 323 2136 “
356 2142 413 2171 ne
445 2142 559 2188 opus
593 2124 770 2186 quidem
803 2124 946 2170 adhuc
978 2138 1070 2169 erat
1101 2123 1304 2168 remediis
1343 2123 1638 2186 diligentibus.

359 2196 572 2242 Nondum
610 2196 655 2241 in
690 2209 859 2241 tantum
898 2194 1089 2257 nequitia
1122 2194 1396 2250 surrexerat,
1429 2212 1512 2242 nec
1546 2209 1636 2243 tam

356 2267 442 2314 late
468 2268 510 2315 se
532 2267 763 2331 sparserat:
792 2279 995 2329 poterant
1028 2267 1146 2314 vitiis
1174 2269 1436 2329 simplicibus
1463 2269 1636 2316 obstare

358 2341 552 2387 remedia
580 2340 802 2403 simplicia.
834 2342 964 2387 Nunc
990 2341 1158 2387 necesse
1182 2341 1241 2387 est
1260 2354 1382 2387 tanto
1408 2343 1639 2405 operosio-

357 2428 404 2458 ra
429 2413 514 2459 effe
540 2414 809 2460 munimenta
825 2449 837 2470 ,
869 2427 1037 2476 quanto
1063 2415 1305 2459 valentiora
1328 2413 1423 2459 sunt
1439 2449 1451 2468 ‚
1476 2414 1634 2476 quibus

356 2484 564 2547 petimur.
602 2486 825 2536 Medicina
854 2487 1080 2550 quondam
1113 2504 1350 2555 paucarum
1384 2487 1466 2536 fuit
1493 2485 1634 2536 scien·-
