1797 2956
326 209 417 254 ,ῳ
583 196 632 241 L.
676 194 974 240 ANNAEI
1025 195 1376 243 SENECAE

323 300 509 346 multum
534 298 575 348 se
597 301 755 347 debere
778 300 843 358 ei,
868 300 992 347 cuius
1013 300 1393 349 administratione
1417 317 1468 350 ac
1495 318 1596 364 pro*

321 373 516 420 videntia
547 373 764 437 contingit
800 373 861 419 illi
897 373 1059 436 pingue
1090 374 1265 432 otium,
1290 388 1333 421 et
1369 376 1595 422 arbitrium

321 441 384 491 sui
413 443 650 507 temporis,
679 457 721 492 et
737 445 1049 508 imperturbata
1077 446 1263 509 publicis
1287 447 1595 511 occupationi·

316 515 400 564 -bus
425 518 561 580 quies.

391 625 434 672 Ο
469 626 664 672 Meliboee
680 659 694 686 ,
727 626 852 673 Deus
881 628 1001 674 nobis
1030 628 1125 673 haec
1151 629 1237 674 otia
1253 630 1372 689 fecit.

385 701 580 761 Namque
596 702 667 746 erit
683 702 748 746 ille
768 701 873 745 milzi
881 700 1041 762 semper
1056 703 1194 748 Deus.

314 808 365 855 ‘Si
384 807 452 854 illa
469 823 646 871 quoque
665 807 756 854 otia
777 807 959 854 multum
979 807 1148 856 auoori
1177 807 1256 856 suo
1275 808 1462 868 debent,
1480 823 1596 872 quo-

316 894 416 929 rum
448 898 605 927 munus
633 881 721 929 hoc
747 882 987 928 maximum
1006 881 1098 930 est:

382 998 459 1041 Ille
479 1014 590 1043 meas
608 1014 729 1042 errare
749 998 865 1042 boves
887 992 956 1060 (ut
975 996 1128 1061 cernis>
1151 995 1194 1044 δ’
1210 998 1343 1059 ipficm

383 1069 535 1113 Ludere
564 1085 665 1128 quae
686 1071 821 1112 vellem
837 1102 850 1126 ,
874 1072 1036 1114 calamo
1045 1069 1230 1133 permifit
1247 1069 1389 1136 agresti
1406 1084 1424 1115 ,⁰

313 1173 469 1239 quanti
483 1173 755 1220 aestimamus
770 1174 858 1223 hoc
875 1175 1037 1234 otium,
1052 1176 1176 1239 quod
1189 1175 1299 1222 inter
1318 1177 1425 1224 deos
1443 1176 1597 1241 agitur,

312 1249 440 1313 quod
461 1248 568 1295 deos
595 1249 729 1295 facit?
755 1251 814 1294 Ita
840 1249 969 1305 dico,
998 1250 1133 1296 Lucili
1155 1284 1167 1307 ‚
1191 1260 1234 1296 et
1264 1261 1307 1296 ‘ce
1333 1249 1378 1295 in
1420 1251 1596 1298 coelum

314 1320 653 1383 compendiario
673 1336 809 1369 voco,
840 1320 1015 1367 Solebat
1047 1319 1213 1367 Sextius
1235 1319 1378 1367 dicere
1395 1355 1407 1376 ,
1442 1323 1596 1368 Iovem

314 1395 411 1457 pius
443 1410 534 1440 non
569 1393 691 1456 poffe
722 1410 852 1457 quarn
888 1394 1056 1440 bonum
1081 1393 1243 1441 virum.
1286 1394 1408 1440 Plura
1434 1394 1597 1457 Iupiter

314 1466 473 1524 habet,
503 1483 612 1530 quae
637 1465 821 1529 praestet
841 1465 1124 1513 hominibusz
1154 1465 1225 1512 sed
1244 1464 1358 1513 inter
1377 1466 1488 1514 duos
1507 1467 1595 1514 bo-

309 1555 396 1585 nos
427 1555 516 1584 non
554 1538 616 1586 est
653 1539 835 1596 melior,
874 1539 950 1601 qui
983 1538 1265 1602 locupletior.
1299 1554 1391 1586 non
1421 1540 1595 1603 magis,

311 1628 443 1675 quam
476 1612 590 1657 inter
625 1611 765 1669 duos,
792 1610 954 1674 quibus
985 1627 1064 1674 par
1097 1609 1275 1659 scientia
1300 1612 1480 1675 regendi
1510 1628 1595 1674 gu-

311 1684 594 1732 bernacuium
619 1683 679 1731 est
697 1719 711 1742 ‚
748 1684 980 1731 meliorem
1006 1683 1166 1731 dixeris
1184 1718 1199 1743 ‚
1233 1683 1307 1731 cui
1331 1684 1469 1731 maius
1495 1684 1596 1748 spe-

307 1756 560 1820 eiofiusque
592 1756 817 1819 navigium
847 1755 923 1803 est.
958 1755 1123 1819 Iupiter
1155 1771 1249 1818 quo
1276 1757 1496 1803 antecedit
1520 1757 1593 1805 vio

309 1847 409 1878 rum
445 1829 648 1876 bonum?
686 1829 845 1876 diutius
877 1830 1020 1876 bonus
1051 1827 1127 1876 est.
1165 1828 1342 1892 Sapiens
1377 1829 1515 1876 nihilo
1548 1830 1592 1878 se

308 1903 494 1951 minoris
514 1901 731 1957 aestimat,
761 1901 885 1964 quod
916 1901 1099 1949 virtutes
1123 1900 1215 1948 eius
1242 1900 1381 1964 spatio
1409 1900 1592 1950 Ῑπενὶοὁ

307 1994 355 2026 re
385 1977 662 2025 clauduntur.
695 1974 1089 2037 Quemadmodum
1117 1991 1175 2021 ex
1202 1973 1378 2022 duobus
1398 1973 1594 2038 sapienti·

305 2051 411 2108 bus,
432 2050 508 2115 qui
536 2048 681 2096 senior
713 2048 890 2096 deceffit
905 2083 918 2107 ‚
956 2064 1046 2094 non
1077 2047 1138 2094 est
1165 2047 1334 2095 beatior
1353 2063 1436 2106 eo,
1466 2048 1591 2096 cuius

305 2123 422 2174 intra
441 2122 673 2186 pauciores
694 2139 833 2169 annos
857 2120 1087 2168 terminata
1106 2121 1248 2169 virtus
1274 2119 1360 2168 est:
1383 2120 1441 2168 fic
1462 2121 1590 2169 Deus

304 2214 400 2245 anon
428 2195 567 2244 vincit
594 2194 830 2257 sapientem
864 2190 1099 2251 felicitate,
1126 2192 1255 2239 etiam
1282 2191 1311 2238 fi
1341 2192 1484 2240 vincit
1517 2208 1592 2239 ae-

305 2282 408 2317 tate.
424 2286 520 2315 non
539 2268 599 2315 est
618 2268 758 2314 virtus
775 2265 942 2322 maior,
961 2281 1071 2329 quae
1090 2265 1280 2329 longior.
1307 2265 1472 2328 Iupiter
1490 2281 1590 2311 om-

304 2343 375 2389 nia
405 2343 537 2389 habet
555 2377 568 2400 ‚
595 2340 669 2387 sed
700 2356 859 2402 nempe
881 2337 975 2385 aliis
1002 2338 1180 2385 tradidit
1201 2337 1412 2385 habenda.
1438 2337 1492 2383 ad
1520 2335 1587 2399 ip-

301 2415 397 2463 sum
425 2414 497 2461 hic
525 2430 636 2461 unus
654 2411 752 2459 usus
773 2411 1132 2474 pertinet‚quod
1161 2410 1309 2457 utendi
1336 2409 1468 2456 etiam
1485 2423 1586 2454 om-

308 2488 436 2541 nibus
467 2488 592 2537 causa
625 2485 720 2535 est:
757 2483 924 2549 sapiens
956 2499 1046 2533 tam
1077 2499 1221 2549 aequo
1255 2481 1406 2531 animo
1438 2479 1588 2529 omnia
