1797 2956
393 169 487 215 324
631 156 678 200 L.
730 154 1022 199 ANNAEl
1075 155 1428 222 SENECAE

388 260 604 308 institutis.
633 277 822 323 aequum
852 259 965 307 inter
999 278 1154 309 omnes
1185 261 1303 309 cives
1331 262 1399 309 ius
1430 263 1511 311 stt:
1542 280 1664 313 utere

387 333 477 379 fine
505 349 578 379 me
604 330 828 379 beneficio
864 349 966 379 meo
986 367 999 390 ‚
1035 333 1185 395 patria.
1218 333 1342 380 causa
1364 333 1443 381 tibi
1462 334 1669 384 libertatis

387 405 480 464 sui,
512 423 592 452 ero
620 420 663 452 et
692 418 1009 468 argumentum.
1037 409 1098 452 Ex
1132 423 1214 461 eo,
1239 408 1267 453 fi
1301 408 1394 469 plus
1426 424 1557 471 quam
1590 409 1670 456 tibi

387 477 589 540 expedit,
620 476 756 525 crevi.
790 477 962 538 Quidni
986 494 1070 542 ego
1099 481 1286 527 admirer
1317 481 1428 528 hanc
1454 481 1671 545 magnitu-

386 552 535 599 dinem
563 551 725 610 animi,
760 568 844 615 qua
870 551 913 597 in
943 552 1135 600 exsilium
1161 554 1458 601 voluntarium
1487 555 1669 613 seceffit‚

386 638 429 672 et
461 626 682 672 civitatem
714 625 1008 672 exoneravit?
1042 628 1108 672 Eo
1141 629 1345 689 perdu&a
1378 646 1445 676 res
1474 643 1589 688 erat,
1624 643 1671 677 ut

387 709 460 744 aut
487 697 659 744 libertas
685 697 912 759 Scipioni,
940 709 1013 744 aut
1032 699 1179 761 Scipio
1204 699 1390 745 libertati
1419 700 1577 748 faceret
1605 702 1669 748 iu-

385 769 555 816 iuriam.
586 781 789 816 neutrum
821 768 885 816 fas
916 781 1018 817 erat.
1056 771 1203 832 Itaque
1232 772 1353 817 dedit
1382 772 1531 818 locum
1562 774 1670 837 legi-

387 843 467 890 bus
483 875 497 897 ,
521 853 562 888 et
581 842 622 890 se
642 843 868 889 Liternum
893 843 1088 906 recepit,
1107 857 1194 890 tam
1217 846 1336 891 suum
1365 846 1555 892 exsilium
1586 848 1671 893 rei-

385 915 584 979 publicae
612 914 926 977 imputaturus,
958 932 1089 978 quam
1123 917 1392 964 Hannibalis.
1438 919 1542 964 Vidi
1581 920 1669 965 vil·

384 989 472 1034 lam
495 986 695 1033 struRam
719 986 862 1049 lapide
888 989 1101 1050 quadrato
1116 1025 1132 1046 ,
1153 1007 1327 1036 murum
1347 991 1669 1039 circumdatum

389 1062 521 1108 filvae
548 1096 561 1118 ,
617 1073 755 1107 turres
799 1077 981 1123 quoque
1028 1062 1073 1107 in
1115 1058 1498 1126 propugnaculum
1543 1066 1671 1112 villae

391 1135 611 1197 utrimque
631 1135 853 1183 subreiias.
899 1135 1139 1182 Cisternam
1161 1137 1368 1185 aedificiis
1387 1156 1436 1186 ac
1454 1139 1674 1187 viridibus

387 1209 628 1265 subditam,
659 1225 769 1271 quae
796 1210 990 1256 sufficere
1012 1210 1057 1256 in
1083 1210 1204 1256 usum
1235 1212 1309 1257 vel
1331 1212 1549 1259 exercitus
1570 1213 1671 1274 pos=

386 1281 459 1328 set.
488 1281 742 1327 Balneolum
769 1281 998 1344 angustum
1016 1317 1029 1339 ‚
1055 1281 1377 1329 tenebricosum
1406 1300 1462 1328 ex
1493 1283 1674 1329 consue-

386 1355 539 1401 tudine
563 1356 754 1419 antiqua.
783 1372 874 1401 non
898 1356 1130 1403 videbatur
1149 1357 1387 1403 maioribus
1407 1356 1563 1404 nostris
1587 1357 1673 1402 cal-

387 1431 518 1485 dum,
552 1430 625 1475 nisi
650 1429 900 1476 obscurum.
924 1433 1085 1494 Magna
1115 1446 1221 1492 ergo
1241 1445 1313 1475 me
1337 1430 1540 1493 voluptas
1570 1428 1672 1476 sub-

386 1502 449 1560 it,
481 1503 854 1565 contemplantem
899 1519 1045 1548 mores
1069 1501 1287 1564 Scipionis
1323 1519 1373 1549 ac
1400 1501 1587 1549 nostros.
1624 1503 1674 1547 In

387 1575 475 1622 hoc
505 1576 665 1639 angulo
693 1576 765 1622 ille
790 1575 1065 1640 Carthaginis
1094 1576 1283 1632 horror,
1320 1574 1390 1623 cui
1419 1578 1564 1622 Roma
1593 1574 1672 1622 de-

386 1646 484 1703 bet,
517 1647 642 1709 quod
667 1660 830 1693 tantum
859 1647 991 1694 semel
1021 1662 1149 1710 capta
1174 1647 1260 1704 est,
1282 1647 1481 1695 abluebat
1510 1664 1672 1710 corpus

386 1722 609 1769 laboribus
637 1721 807 1768 rusticis
825 1721 980 1769 feffum
1000 1739 1010 1769 :
1033 1722 1262 1769 exercebat
1286 1721 1404 1768 enim
1429 1738 1590 1784 operae
1611 1721 1671 1776 se,

386 1806 641 1856 terramque
669 1793 742 1858 (ut
767 1810 864 1841 mos
891 1794 972 1841 fuit
995 1791 1168 1858 priscis)
1195 1793 1285 1857 ipse
1317 1793 1550 1857 subigebat.
1581 1793 1671 1840 Sub

384 1870 474 1918 hoc
501 1871 570 1917 ille
606 1870 725 1917 tedio
754 1882 843 1916 tam
881 1868 1061 1917 sordido
1091 1868 1232 1926 stetit,
1265 1867 1353 1914 hoc
1385 1866 1509 1914 illum
1542 1868 1672 1930 pavi-

388 1960 586 1992 mentum
616 1956 705 1990 tam
738 1941 827 1990 v'ile
855 1942 1063 1990 sustinuit.
1105 1942 1162 1988 At
1195 1957 1312 1988 nunc
1343 1939 1439 2003 quis
1473 1939 1560 1997 est,
1595 1939 1674 2005 qui

388 2017 446 2063 fic
473 2014 609 2063 lavari
633 2013 868 2063 sustineat?
894 2030 1058 2078 pauper
1078 2012 1155 2062 fibi
1181 2013 1355 2062 videtur
1377 2029 1426 2060 ac
1444 2012 1667 2070 sordidus,

387 2090 464 2138 nisi
494 2089 678 2154 parietes
701 2088 870 2153 magnis
890 2102 933 2137 et
956 2088 1152 2152 pretiosis
1173 2088 1353 2136 orbibus
1383 2086 1640 2135 refulserunt
1658 2108 1672 2143 ;

387 2164 466 2211 nisi
496 2164 790 2211 Alexandrina
812 2179 1033 2211 marmora
1053 2161 1299 2210 Numidicis
1322 2160 1471 2209 crustis
1496 2161 1673 2210 distinc-

387 2250 430 2283 ta
463 2238 559 2284 sunt
580 2255 590 2284 :
612 2236 688 2283 nisi
706 2236 790 2284 illis
812 2235 1009 2300 undique
1028 2234 1213 2298 operosa
1233 2248 1274 2282 et
1293 2234 1337 2282 in
1359 2235 1551 2298 piElurae
1574 2252 1671 2282 mo-

386 2311 491 2357 dum
515 2311 683 2359 variata
707 2310 972 2359 circumlitio
1008 2309 1297 2371 praetexitur;
1333 2309 1409 2356 nifi
1441 2308 1561 2356 vitro
1590 2308 1670 2355 ah-

387 2382 613 2431 sconditur
639 2400 840 2439 camera;
873 2383 950 2429 nifi
976 2381 1155 2430 Thasius
1182 2382 1289 2445 lapis
1309 2418 1322 2440 ,
1351 2380 1574 2445 quondam
1601 2396 1669 2426 ra-

387 2473 488 2503 rum
508 2456 553 2506 in
579 2457 730 2523 aliquo
757 2455 1047 2522 speCiaculum
1076 2457 1245 2521 templo
1260 2493 1273 2519 ,
1288 2455 1474 2521 piscinas
1501 2454 1668 2505 nostras
