1797 2956
313 213 405 262 250
569 196 617 245 L.
669 195 963 242 ANNAEI
1009 195 1364 244 SENECAE

312 308 433 353 Haec
468 304 573 350 nihil
602 321 757 351 vacare
789 303 947 365 patitur
981 303 1099 349 loci:
1122 315 1266 350 totum
1292 303 1485 351 animum
1524 318 1590 352 te·

313 391 415 434 net,
446 378 704 424 desiderium
736 378 939 423 omnium
965 377 1109 423 tollit:
1135 378 1224 423 sola
1255 377 1349 423 satis
1382 376 1457 424 est.
1486 378 1594 423 Om-

313 449 432 497 nium
459 450 576 495 enim
603 450 825 494 bonorum
852 448 920 494 vis
943 461 986 492 et
1008 448 1137 510 origo
1169 448 1212 493 in
1239 448 1328 509 ipsa
1360 447 1434 493 est.
1468 447 1592 507 Quid

312 522 470 576 refert,
506 537 560 566 an
598 537 710 582 aqua
743 521 979 567 decurrens
1010 519 1310 582 intercipiatur
1348 535 1478 581 atque
1514 519 1594 565 ab-

314 610 408 648 eat,
430 593 459 639 fi
490 593 589 639 fons
618 611 673 639 ex
694 611 787 658 quo
816 593 1030 647 fluxerat,
1060 591 1197 638 salvus
1224 592 1316 637 est?
1354 594 1458 638 Non
1478 592 1595 639 dices

313 667 451 713 vitam
470 666 695 713 iustiorem
714 666 838 713 salvis
862 665 1006 711 liberis
1021 697 1035 720 ,
1060 681 1192 727 quam
1210 663 1367 710 amiffis
1383 699 1394 718 ‚
1423 680 1504 711 nec
1522 680 1595 710 or-

313 739 603 797 dinatiorem,
637 736 728 786 necv
749 740 1107 800 prudentiorem,
1146 754 1228 784 nec
1259 736 1556 783 honestiorem
1582 753 1594 782 :

312 827 423 872 ergo
446 828 526 858 nec
551 811 779 858 meliorem
806 811 1001 874 quidem.
1029 812 1135 857 Non
1153 809 1255 856 facit
1273 809 1471 856 colleffio
1491 809 1597 855 ami-

316 899 469 931 corum
492 885 799 948 sapientiorem
814 920 830 941 2
858 902 952 931 non
971 885 1072 931 facit
1091 884 1328 931 stultiorem
1348 884 1558 930 detrafiio
1577 882 1595 929 ἓ

315 975 425 1022 ergo
455 976 534 1007 nec
557 959 825 1012 beatiorem„
850 972 923 1006 aut
949 959 1236 1006 miseriorem.
1271 959 1485 1021 quamdiu
1518 958 1601 1003 sal-

313 1049 371 1078 va
402 1031 531 1078 fuerit
559 1032 730 1091 virtus,
748 1050 839 1079 non
871 1032 1026 1080 senties
1053 1032 1161 1095 quid
1192 1031 1446 1078 abscesserit.
1475 1030 1600 1090 Quid

317 1109 463 1168 ergo?
498 1122 593 1151 non
626 1104 686 1151 est
720 1106 890 1152 beatior
921 1120 964 1151 et
999 1105 1244 1151 amicorum
1281 1114 1323 1149 et
1357 1103 1599 1148 liberorum

316 1179 443 1225 turba
472 1177 749 1226 succinum?
791 1177 959 1239 Quidni
979 1193 1070 1224 non
1100 1175 1181 1222 sit?-
1218 1178 1444 1222 Summum
1480 1175 1599 1221 enim

317 1251 489 1299 bonurn
516 1266 597 1297 nec
629 1249 881 1313 infringitur
899 1286 911 1306 ‚
939 1265 1020 1296 nec
1051 1259 1257 1312 augetur:
1282 1247 1326 1293 in
1352 1248 1429 1293 suo
1460 1247 1602 1293 modo

317 1334 543 1386 permanet
577 1339 589 1369 τ
614 1334 838 1385 utcunque
869 1321 1045 1371 fortuna
1068 1322 1109 1367 se
1140 1320 1294 1384 gestit,
1326 1320 1415 1366 sive
1447 1320 1507 1366 iili
1536 1319 1603 1365 se-

318 1395 467 1441 nefius
490 1394 619 1457 longa
650 1393 862 1456 contigit,
899 1393 990 1441 sive
1023 1393 1130 1440 citra
1165 1392 1425 1439 senefiutem
1457 1390 1603 1438 finitus

319 1465 401 1523 est,
425 1466 577 1511 eadem
605 1466 804 1512 mensura
827 1465 985 1512 summi
1004 1465 1111 1512 boni
1139 1464 1200 1511 est
1218 1500 1234 1522 ‚
1256 1463 1459 1530 ¹quamvis
1485 1475 1604 1509 aeta-

319 1538 375 1585 tis
402 1538 572 1587 diversa
598 1538 661 1584 sit.
696 1541 859 1585 Utrum
886 1539 1105 1586 maiorem
1129 1555 1183 1584 an
1211 1537 1430 1584 minoi-ern
1459 1535 1607 1582 circu-

321 1615 413 1663 lum
444 1615 628 1671 scribas,
661 1615 715 1661 ad
739 1615 921 1678 spatium
952 1615 1049 1661 eius
1075 1613 1285 1675 pertinet,
1314 1629 1404 1659 non
1432 1613 1486 1658 ad
1511 1611 1609 1658 for-

324 1706 443 1738 mam
464 1708 478 1736 :-
502 1690 603 1737 licet
622 1690 729 1736 alter
754 1690 827 1737 diu
851 1688 1074 1745 manserit,
1100 1687 1279 1733 alterum
1296 1685 1436 1732 statim
1458 1685 1608 1732 obdu·

326 1763 464 1821 xeris,
494 1763 604 1809 etin
628 1780 727 1811 eum
757 1762 801 1808 in
828 1780 921 1826 quo
956 1761 1134 1824 scriptus
1165 1759 1227 1806 est
1259 1759 1489 1822 pulverem
1521 1757 1608 1805 sol-

326 1835 468 1891 veris,
504 1835 550 1883 in
581 1836 732 1882 eadem
764 1848 945 1898 uterque
968 1835 1113 1880 forma
1139 1833 1234 1879 fuit.
1275 1832 1415 1892 Quod
1441 1832 1607 1878 reEtum

326 1908 410 1967 est,
440 1925 521 1955 nec
550 1908 851 1971 magnitudine
878 1907 1148 1961 aestimatur,
1174 1921 1254 1951 nec
1287 1919 1498 1960 numero,
1527 1918 1610 1949 nec

325 1995 532 2046 tempore
553 2000 563 2029 ε
584 1999 675 2028 non
707 1982 847 2045 magis
873 1981 1096 2044 produci,
1127 1995 1258 2043 quam
1288 1976 1487 2024 contrahi
1522 1992 1608 2046 pq-

328 2055 421 2104 test.
454 2054 696 2102 Honestam
725 2054 862 2101 viram
896 2071 951 2100 ex
974 2056 1149 2101 centum
1180 2067 1396 2096 annorum
1427 2065 1618 2103 numero„

328 2131 375 2178 in
405 2143 617 2194 quantum
637 2129 763 2178 voles
789 2128 991 2190 corripe,
1017 2143 1060 2173 et
1085 2126 1129 2172 in
1156 2141 1293 2172 unum
1325 2123 1445 2170 diem-
1472 2138 1610 2186 coge:

333 2220 473 2267 aeque
503 2201 681 2249 honesta
710 2201 784 2249 est,
814 2202 953 2249 modo
980 2198 1106 2246 latius
1139 2197 1279 2244 virtus
1300 2196 1518 2252 fundstur,
1546 2211 1615 2240 re-

332 2293 416 2341 gna
432 2312 445 2333 ‚
472 2275 632 2333 urbes,
662 2274 917 2338 provincias
949 2283 1191 2334 temperat,
1217 2269 1301 2319 fert
1332 2270 1449 2332 leges
1466 2305 1481 2326 ‚
1506 2267 1614 2315 colit

335 2348 572 2406 amicitias,
602 2348 714 2396 inter
741 2346 1018 2410 propinquos
1042 2343 1288 2407 liberosque
1317 2342 1527 2404 d‘ifpenfat
1545 2339 1616 2386 of-

335 2423 438 2471 ficia
459 2443 468 2471 :
491 2423 631 2470 modo
659 2424 779 2470 ειῑξὶο
803 2421 890 2468 fine
917 2420 1208 2468 circumdatur
1232 2417 1494 2479 paupertatis
1509 2452 1521 2473 ,
1541 2433 1614 2462 ex-

336 2496 438 2555 filii,
468 2494 700 2543 orbitatis:
731 2512 823 2542 non
848 2509 997 2543 tamen
1024 2494 1172 2541 minor
1203 2491 1289 2549 est,
1320 2493 1353 2538 si
1377 2509 1431 2538 ex
1461 2489 1620 2538 altiore
