1807 3004
526 179 1101 225 EPISTOLAE.
1257 152 1265 158 ⁹
1363 169 1449 245 ια)

180 287 356 351 quidem
378 277 509 342 curo,
539 285 660 348 quod
686 285 943 348 quibusdam
973 284 1100 331 nimis
1125 285 1292 332 horridi
1319 289 1455 336 animi

179 361 355 406 videtur
374 371 416 405 et
435 358 589 405 tetrici.
611 357 783 404 Ariston
809 359 972 417 aiebat,
994 359 1120 405 malle
1141 360 1181 406 se
1205 362 1454 409 adolescen-

178 445 267 478 tem
291 431 449 478 tristem
466 465 479 486 ‚
509 447 638 494 quam
664 431 839 477 hilarem
861 447 905 478 et
929 432 1155 479 amabilem
1184 433 1349 481 turbae.
1371 436 1460 481 Vi-

177 523 283 551 num
311 505 426 551 enim
448 503 544 550 fieri
564 506 752 559 bonum,
780 505 900 568 quod
922 521 1071 551 recens
1091 506 1247 551 durum
1269 520 1311 553 et
1330 508 1452 570 aspe-

175 593 270 623 rum
291 573 431 623 visum
451 576 512 623 est
530 595 541 623 :
565 593 656 622 non
678 576 761 639 pati
783 591 990 634 aetatem,
1011 578 1132 640 quod
1154 579 1197 624 in
1217 579 1341 626 dolio
1362 582 1454 644 pla-

177 648 278 695 cuit.
309 649 407 696 Sine
432 666 535 696 eum
559 648 720 696 tristem
750 649 995 710 appellent,
1021 665 1063 697 et
1088 650 1313 698 inimicum
1346 670 1456 715 pro-

177 720 361 768 ceffibus
380 721 475 769 suis.
495 722 604 768 bene
634 721 675 767 se
696 721 817 767 dabit
844 722 887 767 in
915 721 1126 770 vetustate
1144 724 1232 786 ipsa
1257 726 1457 777 tristitia:

176 795 425 856 perseveret
440 796 580 842 modo
598 795 745 841 colere
763 796 971 842 virtutem
984 832 995 853 ‚
1016 797 1246 858 perbibere
1264 799 1456 848 liberalia

177 866 342 925 studia,
369 885 461 915 non
491 868 563 914 illa
588 867 748 931 quibus
778 866 980 929 perfundi
1009 868 1102 914 satis
1132 868 1217 924 est,
1251 869 1323 917 sed
1349 873 1457 921 haec

176 939 334 1002 quibus
351 941 580 1006 tingendus
600 940 660 988 est
678 941 859 988 animus.
877 942 964 987 hoc
984 941 1042 987 est
1063 942 1251 990 discendi
1270 957 1459 1007 tempus⁹

179 1013 303 1072 Quid
319 1013 453 1076 ergo?
476 1013 656 1077 aliquod
673 1013 731 1058 est
748 1046 761 1067 ‚
781 1029 872 1077 quo
891 1029 980 1059 non
1004 1014 1052 1059 fit
1072 1014 1321 1062 discendum
1341 1017 1358 1063 ἓ
1379 1019 1457 1064 mie

178 1086 308 1132 nime.
335 1087 406 1132 sed
421 1087 792 1151 quemadmodum
814 1085 1021 1132 omnihus
1037 1087 1158 1134 annis
1182 1087 1350 1136 studere
1369 1090 1456 1136 ho-

178 1159 344 1205 nestum
370 1158 430 1207 est
449 1176 459 1205 z
480 1158 536 1205 ita
563 1174 654 1205 non
680 1157 884 1204 omnibus
906 1157 1081 1204 institui.
1104 1160 1265 1222 Turpis
1285 1175 1328 1209 et
1352 1163 1459 1210 ridi-

180 1232 276 1278 cula
304 1248 372 1279 res
398 1231 484 1286 est,
510 1232 809 1278 elementarius
837 1230 980 1276 senex.
1007 1232 1160 1278 [uveni
1184 1236 1460 1296 parandum,

178 1305 267 1350 seni
295 1305 507 1351 utendum
538 1303 612 1351 est,
640 1303 786 1350 Facies
811 1319 917 1366 ergo
941 1319 1031 1348 rem
1057 1305 1317 1353 utiliffimam
1346 1308 1423 1357 tibi
1443 1346 1457 1368 2,

178 1377 208 1421 si
230 1377 347 1423 illum
371 1394 500 1439 quam
526 1376 743 1438 optimum
772 1374 936 1421 feceris.
961 1375 1079 1421 Haec
1104 1376 1224 1423 aiunt
1244 1378 1458 1427 beneficia

179 1449 264 1495 effe
283 1450 526 1512 expetenda
553 1448 898 1510 tribuendaque,
920 1463 1010 1492 non
1031 1447 1161 1495 dubie
1180 1451 1344 1511 primae
1362 1451 1458 1499 sor-

177 1521 261 1577 tis,
299 1529 411 1583 quae
443 1536 530 1567 tam
560 1520 733 1583 prodest
771 1521 873 1566 dare
904 1524 1034 1582 quam
1065 1519 1276 1584 accipere.
1310 1525 1458 1572 Demi-2-

178 1610 264 1656 que
284 1593 390 1639 nihil
414 1593 475 1643 illi
506 1593 591 1639 iam
619 1592 744 1639 liberi
761 1593 827 1640 est
847 1611 857 1640 ε
882 1592 1130 1655 spopondit.
1151 1594 1292 1643 mimis
1311 1614 1458 1648 autem

178 1678 304 1727 turpe
336 1665 397 1711 est
433 1665 668 1720 creditori,
712 1681 844 1728 quam
880 1663 969 1726 spei
1007 1664 1150 1712 bonae
1193 1668 1460 1732 decoquere,

180 1740 249 1784 Ad
277 1738 381 1784 illud
399 1754 467 1784 aes
488 1738 672 1785 alienum
693 1737 952 1786 solvendum
971 1769 986 1792 ,
1011 1753 1123 1800 opus
1142 1738 1201 1785 est
1219 1743 1459 1804 negotianti

179 1810 455 1874 navigatione
485 1811 719 1874 prospera,
754 1827 905 1874 agrum
939 1810 1100 1857 colenti
1132 1812 1327 1861 ubertate
1365 1815 1458 1862 eius

180 1901 311 1945 quam
343 1884 451 1930 colit
472 1900 613 1931 terrae
629 1920 642 1941 ‚
665 1895 707 1930 et
725 1883 837 1930 coeli
855 1883 1008 1930 favore
1026 1900 1037 1929 :
1059 1883 1127 1930 ille
1147 1885 1267 1946 quod
1295 1885 1425 1932 debet
1441 1923 1456 1945 ,

179 1957 268 2003 sola
299 1957 439 2018 potest
466 1957 693 2003 voluntate
724 1955 986 2017 persolvere.
1020 1957 1068 2000 In
1102 1972 1248 2002 mores
1280 1957 1459 2005 fortuna

179 2031 246 2077 ius
267 2048 355 2077 non
384 2033 523 2078 habet.
558 2032 652 2077 Hos
683 2030 912 2091 disponat:
940 2042 986 2075 ut
1007 2046 1133 2091 quaxn
1164 2032 1458 2095 tranquillissi-

181 2120 277 2149 mus
296 2102 364 2148 ille
383 2103 551 2150 animus
572 2103 624 2149 ad
643 2102 882 2165 perfectum
898 2103 1057 2149 veniat.
1079 2103 1151 2166 qui
1174 2121 1252 2149 nec
1268 2104 1457 2151 ablatum

182 2178 258 2224 fibi
285 2177 522 2240 quidquam
548 2177 705 2241 sentit,
726 2193 806 2223 nec
840 2178 1053 2223 adieftum
1071 2212 1086 2234 ,
1119 2178 1188 2223 sed
1220 2177 1262 2222 in
1296 2178 1460 2224 eodem

148 2240 156 2247 ⁶
181 2251 328 2297 habitu
347 2249 408 2297 est
423 2287 435 2307 ‚
455 2251 862 2312 quomodocunque
881 2266 946 2296 res
965 2250 1136 2297 cadunt.
1169 2250 1254 2296 Cui
1274 2251 1360 2297 five
1382 2268 1458 2314 ag-

183 2334 390 2385 geruntur
418 2322 611 2384 vulgaria
638 2322 780 2377 bona,
812 2323 938 2384 supra
957 2339 1024 2368 res
1048 2322 1140 2368 suas
1162 2321 1349 2368 eminet:
1370 2322 1460 2370 five

182 2393 347 2457 aliquid
366 2412 420 2440 ex
440 2394 527 2440 istis
551 2395 623 2440 vel
641 2397 789 2441 omnia
811 2395 929 2442 casus
952 2394 1131 2441 excuffit
1146 2430 1158 2452 ‚
1192 2395 1339 2441 minor
1367 2412 1461 2453 non

182 2466 249 2514 fit.
280 2466 325 2512 Si
359 2466 406 2513 in
434 2465 605 2513 Parthia
635 2480 762 2515 natus
789 2465 919 2526 esset,
955 2483 1105 2517 arcum
1140 2466 1281 2515 infans
1308 2467 1459 2514 ‘statim
