1797 2956
316 190 408 252 236
541 192 590 237 L.
650 190 951 236 ANNAEI
1013 190 1364 237 SENECAE

553 334 1023 380 EP1STOLA
1107 334 1349 380 LXXII.

314 478 481 542 Dfflt·t
515 480 755 539 petitionem
795 479 961 524 Lucilii.
1003 496 1054 523 ex
1087 478 1286 541 occasione
1312 512 1325 534 ‚
1371 480 1412 522 di
1439 479 1524 526 ‚erri
1561 496 1588 524 a

374 553 494 595 nobis
523 552 634 596 Boni
645 551 831 614 studium
848 567 863 592 .·
883 553 1000 594 male.
1034 552 1125 595 huic
1157 552 1265 607 uni,
1293 549 1441 611 oniiffis
1461 552 1588 604 aliis,

375 625 610 669 vacandum
642 623 703 688 est.
731 624 860 666 Niln'l
886 625 1081 674 incidere,
1114 625 1223 682 quod
1250 624 1473 681 impediat,
1500 625 1589 665 Sa·

370 697 508 755 pienti
538 697 697 756 quidem
718 712 734 739 .·
764 697 904 755 aliqua
935 696 1180 754 Proficienti.
1217 695 1455 754 Discrimen
1485 695 1593 738 inter

376 768 573 829 utrosipce.
606 771 795 818 Externa
815 787 885 814 nec
901 771 1066 828 addere,
1094 787 1164 815 nec
1184 772 1331 815 demere
1364 770 1555 830 Sapienti
1573 798 1588 823 2

365 843 528 902 semper
541 842 591 906 se
621 856 825 890 contento.

469 1037 596 1071 UOD
632 1023 802 1088 quaeris
837 1041 861 1072 a
885 1042 983 1083 me,
1015 1023 1210 1088 liquebat
1240 1022 1382 1079 mihi;
1414 1021 1471 1071 fic
1495 1038 1591 1069 rem

312 1098 577 1143 edioiceram
597 1096 691 1142 :sed
712 1096 788 1142 diu
812 1113 900 1143 non
919 1098 1135 1143 retentavi
1154 1098 1412 1143 memoriam
1434 1112 1591 1141 meam.

313 1169 463 1232 Itaque
495 1186 583 1214 non
607 1168 730 1216 facile
751 1186 823 1215 me
841 1169 1044 1231 sequitur.
1063 1169 1183 1231 quod
1204 1169 1355 1216 evenit
1373 1168 1493 1214 libris
1513 1168 1592 1213 situ

313 1241 652 1287 cohaerentibus
670 1276 683 1297 ,
713 1242 801 1287 hoc
829 1240 1019 1287 evenisse
1046 1240 1154 1286 mihi
1174 1241 1310 1287 sentio
1334 1257 1345 1286 :
1366 1240 1594 1301 ‘explican-

312 1313 391 1358 dus
416 1312 475 1358 est
500 1312 695 1371 animus,
725 1325 768 1359 et
800 1328 1082 1376 quaecunque
1114 1313 1227 1373 apud
1253 1311 1372 1357 illum
1401 1308 1594 1371 deposita

313 1382 432 1440 sunt,
466 1384 645 1431 subinde
680 1385 823 1431 excuti
850 1384 1030 1440 debent,
1062 1395 1108 1430 ut
1136 1397 1282 1445 parata
1313 1383 1393 1428 sint
1422 1381 1595 1443 quoties

313 1456 411 1504 usus
439 1457 646 1520 exegerit.
685 1459 801 1519 Ergo
833 1456 922 1504 hoc
950 1456 994 1502 in
1032 1455 1268 1519 praesentia
1302 1453 1553 1501 differamus
1581 1469 1592 1498 ε

311 1532 498 1578 multum
535 1532 654 1578 enim
695 1548 889 1593 operae,
937 1532 1124 1578 multum
1163 1531 1409 1594 diligentiae
1443 1528 1599 1591 poscit.

312 1605 429 1661 Cum
450 1604 639 1667 primum
666 1604 911 1667 longiorem
934 1605 1092 1650 eodem
1111 1604 1215 1650 loco
1236 1603 1472 1664 speravero
1497 1617 1595 1646 mo·

314 1694 438 1737 ram,
473 1689 576 1724 tunc
603 1677 715 1723 istud
746 1678 788 1723 in
814 1683 969 1723 manus
995 1677 1176 1723 sumam.
1218 1675 1448 1736 Quaedam
1474 1672 1591 1720 enim

314 1749 435 1807 sunt,
464 1765 574 1813 quae
601 1748 733 1811 postis
762 1762 804 1796 et
825 1748 868 1794 in
888 1748 992 1796 cifio
1018 1749 1231 1795 scribere:
1257 1747 1471 1809 quaedam
1500 1745 1592 1792 lec-

314 1833 407 1868 tum
423 1857 438 1880 ‚
471 1834 513 1869 et
532 1821 703 1878 otium,
719 1834 763 1867 et
790 1820 1000 1867 secretum
1026 1819 1282 1865 desiderant.
1307 1816 1594 1863 nihilominus

312 1893 380 1942 his
396 1911 575 1958 quoque
593 1892 820 1956 occupatis
834 1892 986 1938 diebus
1000 1903 1149 1954 agatur
1161 1891 1343 1953 aliquid,
1356 1906 1399 1936 et
1414 1890 1595 1952 quidem

314 1968 434 2016 totis.
483 1984 707 2030 nunquam
748 1965 863 2012 enim
898 1981 990 2011 non
1019 1964 1251 2011 succedent
1283 1964 1596 2026 occupationes

314 2056 475 2086 novae.
507 2039 688 2086 serimus
708 2038 800 2085 illas
819 2055 835 2085 τ.
871 2037 1016 2101 itaque
1041 2054 1098 2083 ex
1115 2054 1199 2085 una
1227 2050 1389 2083 exeunt
1420 2036 1562 2098 plures
1583 2054 1596 2082 :

314 2113 473 2160 deinde
494 2112 572 2176 ipsi
598 2113 724 2160 nobis
744 2111 999 2159 dilationem
1019 2111 1184 2157 damus.
1215 2111 1331 2156 Cum
1351 2110 1440 2156 hoc
1466 2125 1596 2171 pere-

316 2201 452 2248 gero,
481 2197 578 2232 toto
606 2184 756 2231 animo
787 2183 1037 2231 incumbam
1061 2201 1073 2232 ς
1099 2199 1143 2230 et
1171 2184 1201 2229 si
1229 2184 1340 2229 hanc
1371 2199 1464 2228 rem
1495 2198 1594 2229 mo-

316 2258 463 2306 lestam
493 2259 818 2320 composuere,
835 2258 977 2306 studio
1004 2274 1075 2305 me
1101 2258 1231 2305 dabo.
1264 2258 1369 2303 Non
1398 2273 1498 2303 cum
1516 2273 1594 2303 va-

319 2332 487 2380 caveris
505 2367 519 2390 ,
543 2330 942 2395 philosophandum
967 2329 1028 2377 est
1055 2348 1065 2375 z
1088 2329 1237 2375 omnia
1266 2327 1347 2374 alia
1371 2327 1592 2390 negligen-

319 2404 405 2460 da,
438 2417 485 2451 ut
515 2404 615 2451 huic
647 2402 926 2460 affideamus,
967 2402 1039 2450 cui
1079 2402 1246 2449 nullum
1289 2414 1461 2463 tempus
1495 2398 1592 2446 satis

319 2490 526 2539 magnum
549 2475 630 2536 est,
649 2475 777 2525 etiam
799 2473 829 2522 si
851 2491 875 2522 a
892 2473 1072 2540 pueritia
1095 2472 1228 2537 usque
1252 2472 1306 2520 ad
1323 2470 1595 2535 longiffimos

1758 1361 1768 1402 „.,
1757 1189 1768 1347 ——W-ao
1758 1069 1765 1177 -1--0
