1807 3004
514 178 1089 223 EplsTOLAE.
1395 177 1454 241 89

188 282 555 349 peregrinationes
576 282 776 346 prodesse
790 318 802 339 ‚
825 301 923 330 cum
955 296 998 330 te
1019 281 1326 329 circumferas?
1356 285 1461 329 Pre-

188 360 267 404 mit
288 370 328 404 te
353 357 503 403 eadem
524 355 644 402 causa
664 372 774 418 quae
792 355 970 417 expulit.
1003 355 1125 414 Quid
1153 369 1365 400 terrarum
1395 355 1462 400 iu-

189 446 292 477 vare
310 429 480 476 novitas
502 429 668 491 potest?
690 430 793 490 quid
814 429 1008 491 cognitio
1026 429 1196 475 urbium
1211 464 1224 483 ‚
1246 441 1318 474 aut
1334 429 1464 474 loco-

188 519 286 549 rum
305 501 322 548 ?
344 503 389 548 in
419 502 588 548 irritum
611 502 726 548 cedit
750 501 825 546 ista
844 501 1029 547 iaciatio.
1059 502 1245 561 Quaeris
1267 517 1403 563 quare
1422 513 1466 547 te

188 575 289 637 fuga
308 573 384 619 ista
403 590 492 620 non
515 574 721 622 adiuvet?
752 586 895 620 tecum
921 573 1050 636 fugiS.
1073 578 1200 619 Onus
1223 573 1356 619 animi
1386 574 1466 619 de-

191 645 444 708 ponendum
478 645 567 692 est:
605 663 693 692 non
727 660 824 692 ante
853 644 931 690 tibi
969 646 1076 690 ullus
1110 644 1298 706 placebit
1331 644 1470 690 locus.

189 719 344 764 Talem
369 735 483 764 nunc
506 717 588 763 effe
608 718 802 764 habitum
829 730 949 763 tuum
982 717 1148 779 cogita,
1169 717 1340 780 qualem
1364 716 1469 762 Vir-

189 791 315 856 gilius
335 792 481 841 noster
501 791 610 837 vatis
633 791 801 837 inducit
821 826 834 846 ‚
860 791 945 835 iam
968 790 1210 835 concitatae
1229 802 1272 835 et
1291 787 1470 851 instiga·

190 875 284 923 tae,
307 865 580 928 multumque
607 863 802 913 habentis
822 864 866 910 in
886 864 926 911 se
947 864 1118 926 spiritus
1139 881 1232 910 non
1249 862 1341 909 sui:

255 975 491 1020 Bacchatur
510 990 622 1019 vates
637 1004 650 1027 ‚
684 990 881 1035 magnum
895 972 1104 1036 stpec'lore
1113 972 1235 1035 pfft

255 1045 478 1109 Excuffiſje
512 1048 654 1090 Deum

192 1152 328 1199 Vadis
344 1153 429 1200 huc
449 1165 491 1198 et
508 1152 637 1209 illuc,
660 1164 705 1199 ut
724 1153 918 1199 excutias
931 1152 1118 1200 insidens
1135 1153 1335 1216 pondus:
1354 1152 1476 1214 quod

191 1225 280 1289 ipsa
299 1225 529 1272 ὶεᾶὶῑιῐίοηε
554 1225 883 1273 incommodius
914 1225 977 1271 fit
1011 1225 1155 1272 ficut
1145 1242 1189 1271 ιη
1213 1225 1314 1272 navi
1343 1241 1478 1271 onera

194 1299 382 1347 immota
408 1299 552 1346 minus
577 1310 765 1362 urgent:
794 1298 1080 1361 inaequaliter
1110 1315 1215 1346 con
1201 1298 1381 1355 yolum,
1418 1298 1480 1344 ci-

195 1371 280 1418 tius
294 1388 388 1419 eam
406 1382 570 1433 partem
583 1370 628 1417 in
645 1388 775 1434 quam
791 1370 1029 1418 incubuere
1042 1372 1315 1434 demergunt.
1332 1369 1422 1430 Qui
1411 1369 1481 1414 d-

195 1447 303 1509 quid
325 1446 451 1504 facis,
479 1461 634 1493 contra
663 1459 705 1493 te
729 1445 862 1502 facis,
892 1457 934 1492 et
961 1460 1088 1492 motu
1117 1445 1213 1508 ipso
1236 1460 1370 1490 noces
1387 1442 1482 1489 tibi,

168 1538 170 1540 ’
196 1537 371 1583 aegrum
402 1520 519 1566 enim
545 1518 759 1567 concutis.
793 1520 850 1564 At
874 1534 976 1564 cum
1005 1517 1119 1563 istud
1148 1515 1361 1564 exemeris
1390 1531 1481 1560 ma-

194 1591 287 1638 lum
307 1628 321 1650 ,
341 1592 486 1640 omnis
511 1590 695 1639 mutatio
715 1589 804 1637 loci
821 1589 1009 1636 iucunda
1029 1588 1114 1635 fiet.
1139 1591 1186 1634 In
1212 1588 1382 1633 ultimas
1401 1603 1480 1632 ex*

197 1664 369 1726 pellaris
398 1677 533 1710 terras
556 1663 733 1721 licebit,
764 1662 809 1708 in
832 1661 1033 1724 quolibet
1064 1660 1286 1707 barbariae
1318 1659 1480 1721 angulo

199 1735 432 1784 colloceris
451 1753 461 1780 :
481 1734 703 1798 hospitalis
734 1732 813 1780 tibi
831 1732 901 1778 illa
917 1731 1228 1795 qualiscunque
1252 1729 1371 1775 sedes
1387 1728 1484 1776 erit.

201 1809 341 1873 Magis
373 1808 471 1871 quis
506 1808 678 1854 veneris
698 1842 712 1865 ‚
747 1824 878 1871 quam
897 1815 1031 1868 *quO‚
1067 1803 1278 1851 interest:
1310 1814 1352 1848 et
1379 1802 1484 1848 ideo

201 1883 308 1929 nulli
324 1882 430 1929 loco
459 1880 663 1928 addicere
681 1880 889 1926 dehemus
908 1877 1116 1923 animum.
1142 1877 1256 1922 Cum
1275 1875 1355 1920 hac
1381 1890 1486 1935 per-

202 1954 396 2001 suafione
420 1952 663 2001 vivendum
684 1950 772 1998 est:
804 1952 910 1997 Non
929 1950 1023 1996 sum
1049 1948 1124 1994 uni
1150 1947 1307 2010 angulo
1327 1958 1450 1992 natus
1470 1963 1484 1992 ε

206 2026 344 2090 patria
373 2042 469 2072 mea
499 2037 619 2071 totus
647 2025 718 2071 hic
745 2023 1038 2075 estxmundus.
1073 2021 1212 2083 Quod
1240 2019 1268 2065 fi
1302 2019 1488 2082 liqueret

206 2097 309 2155 tibi,
337 2113 429 2143 non
451 2097 751 2154 admirareris,
777 2095 836 2141 nil
855 2095 1050 2143 adiuvari
1075 2105 1116 2141 te
1142 2093 1374 2156 regionum
1403 2108 1487 2137 va·-

207 2168 457 2225 rietatibus‚
485 2168 529 2214 in
557 2184 665 2231 quas
687 2167 869 2214 subinde
902 2166 1103 2229 priorum
1132 2164 1279 2209 taedio
1315 2162 1490 2226 migras„

209 2241 352 2289 Prima
371 2241 487 2287 enim
507 2258 704 2304 quaeque
726 2241 971 2303 placuisset,
994 2240 1024 2286 fi
1045 2255 1222 2285 ornnem
1250 2248 1370 2283 tuam
1392 2253 1490 2283 cre·-

209 2314 346 2361 deres.
365 2314 471 2360 Non
485 2312 794 2375 peregrinaris,
812 2313 883 2358 sed
900 2327 1015 2357 erras
1036 2325 1077 2356 et
1093 2308 1252 2372 ageris,
1268 2325 1317 2355 ac
1336 2307 1488 2354 locum

210 2403 263 2433 ex
281 2386 386 2433 loco
406 2399 542 2432 mutas
558 2403 568 2431 :
584 2401 683 2431 cum
703 2384 806 2430 illud
829 2385 950 2446 quod
969 2383 1137 2445 quaeris
1152 2415 1164 2436 ‚
1186 2385 1299 2427 Bene
1318 2380 1488 2434 vivere,

211 2459 336 2508 omni
359 2459 464 2507 loco
488 2458 678 2523 positum
694 2458 758 2505 fit.
781 2458 900 2505 Num
920 2456 1027 2521 quid
1046 2471 1133 2504 tarn
1153 2454 1374 2503 turbidum
1393 2451 1488 2502 fieri
