1797 2956
261 167 351 227 ms
503 158 1300 209 L.ANNAE18ENECAE

259 282 410 331 putant
439 269 555 332 ipsos
581 268 708 314 etiam
740 268 827 313 fine
852 266 1128 328 philosophia
1161 265 1398 327 repreffiffe
1427 284 1438 312 τ
1469 266 1542 313 sed

260 361 359 390 cum
390 345 562 390 securos
594 341 747 403 aliquis
782 341 901 388 casus
930 355 1130 401 expertus
1167 339 1255 398 est,
1281 339 1543 401 exprimitur

259 409 350 463 sera
382 416 610 463 confeffio.
639 417 797 478 Magna
834 413 967 460 verba
999 413 1235 470 excidunt,
1265 429 1364 458 cum
1395 427 1542 457 tortor

259 490 462 552 poposcit
488 506 690 545 manum,
718 505 816 534 cum
843 504 965 534 mors
987 487 1170 549 propius
1193 486 1377 532 accesfit.
1407 484 1542 530 Poffis

259 563 318 608 illi
351 564 496 609 dicere
523 579 533 607 t
566 563 705 608 Facile
733 560 1012 622 provocabas
1041 561 1151 605 mala
1187 560 1372 606 absentia
1399 576 1408 604 :
1439 574 1544 604 ecce

261 636 424 690 dolor,
454 653 583 700 quem
605 635 875 681 tolerabilem
908 634 991 678 efie
1023 633 1227 678 dicebasz
1260 649 1360 678 ecce
1394 647 1543 687 mors,

260 725 389 770 quam
420 723 572 756 contra
600 710 731 754 multa
754 707 945 754 animose
969 707 1140 753 locutus
1168 722 1212 752 es
1237 724 1250 754 :5
1282 706 1434 752 sonant
1460 704 1542 750 fla·—

258 782 369 844 gella
386 817 398 839 ‚
425 782 592 845 gladius
612 783 742 829 micat
764 799 775 828 ε

326 893 455 941 Nunc
482 894 639 937 animis
664 909 792 951 opus,
822 893 968 936 Aenea
986 925 1000 947 ‚
1026 907 1137 935 nunc
1155 889 1308 951 pec‘lore
1321 890 1462 947 firmo.

263 988 405 1037 Faciet
428 999 571 1033 autem
601 986 705 1032 illud.
733 985 907 1031 firmum
936 985 1093 1030 affidua
1121 986 1347 1031 meditatio
1368 1004 1379 1031 :
1403 985 1430 1031 fi
1452 1002 1544 1033 non

262 1061 396 1108 verba
416 1060 658 1105 exercueris
674 1095 685 1113 ,
719 1059 788 1104 sed
807 1060 999 1104 animum
1024 1077 1033 1103 ε
1055 1059 1082 1103 fi
1109 1073 1261 1107 contra
1290 1072 1478 1104 mortem
1502 1070 1544 1104 te

262 1131 591 1195 praeparaveris
608 1148 617 1176 :
637 1131 840 1177 adversus
858 1147 987 1193 quam
1010 1147 1100 1176 non
1119 1132 1442 1188 exhortabitur,
1462 1148 1542 1178 nec

259 1205 456 1259 attollet,
481 1204 555 1267 qui
577 1203 925 1251 cavillationibus
950 1203 1028 1248 tihi
1058 1204 1313 1264 persuadere
1342 1218 1543 1248 tentave·÷

261 1277 316 1324 rit
332 1314 344 1335 ‚
373 1292 561 1324 mortem
585 1276 744 1324 malum
771 1293 861 1322 non
883 1276 979 1322 effe.
994 1275 1120 1321 Libet
1141 1276 1255 1321 enim
1271 1310 1284 1332 ‚
1316 1274 1455 1321 Lucili
1475 1275 1544 1321 vi-

262 1373 410 1400 rorum
442 1353 636 1415 optimeg
668 1353 810 1398 ridere
836 1351 1016 1412 ineptias
1045 1353 1264 1407 Graecas,
1294 1366 1399 1412 quas
1424 1366 1542 1395 non-

261 1430 362 1474 dum
381 1462 394 1483 ‚
417 1426 618 1492 quamvis
637 1426 795 1484 mirer,
818 1425 995 1472 excuffi.
1025 1426 1150 1471 Zeno
1177 1424 1323 1470 noster
1347 1424 1426 1471 hac
1446 1424 1542 1470 col-

260 1501 449 1545 leffione
469 1499 617 1545 utitur:
645 1499 824 1544 Nullum
852 1498 1013 1544 malum
1043 1497 1277 1561 gloriosum
1298 1494 1358 1541 est
1378 1514 1392 1544 ,τ4
1423 1512 1542 1543 mors

260 1587 403 1619 autem
425 1573 614 1637 glori-osa
633 1571 694 1618 est
714 1590 726 1620 ε,
747 1588 867 1618 mors
889 1588 997 1634 ergo
1024 1588 1114 1616 non
1140 1571 1201 1617 est
1229 1572 1404 1618 malum.
1433 1573 1543 1617 Pro-

258 1646 411 1696 fecisti.
433 1646 638 1693 liberatus
659 1645 748 1691 sum
771 1658 885 1692 metu
904 1664 915 1691 :-
941 1644 1039 1707 post
1059 1645 1164 1690 haec
1179 1681 1192 1702 ‚
1220 1661 1309 1689 non
1332 1643 1542 1690 dubitabo

259 1720 481 1785 porrigere
501 1718 737 1766 cervicem.
758 1719 867 1770 Non,
883 1718 948 1764 vis
966 1717 1164 1764 severius.
1180 1716 1324 1779 loqui,
1344 1733 1423 1762 nec
1443 1733 1543 1762 mo-

256 1797 396 1842 rituro
415 1795 547 1839 risum
577 1792 795 1838 movere?
822 1793 927 1837 Non
948 1793 1198 1837 mehercule
1227 1789 1355 1836 facile
1374 1789 1451 1835 tibi
1471 1791 1553 1836 cli-¹

257 1869 396 1916 xerim
413 1901 426 1922 ‚
457 1881 601 1914 utrum
631 1865 824 1926 ineptior
844 1863 973 1911 fuerit
989 1902 1002 1921 ‚
1032 1865 1108 1927 qui
1131 1865 1171 1911 se
1191 1865 1271 1910 hac
1296 1864 1541 1927 interroga-

256 1944 377 1990 tione
409 1940 622 1989 iudicavit
653 1937 810 1986 mortis
845 1952 1009 1986 metum
1041 1938 1343 2001 exstinguere:
1381 1954 1436 1982 an
1465 1936 1539 2000 qui

255 2018 344 2065 hoc
367 2032 576 2077 tauquam
595 2014 651 2060 ad
670 2030 762 2060 rem
791 2011 1052 2074 pertineret,
1077 2025 1260 2057 conatus
1280 2009 1339 2056 est
1357 2010 1539 2059 solvere.

257 2092 370 2136 Nam
397 2104 440 2137 et
469 2088 560 2151 ipse
587 2085 980 2149 interrogationem
1011 2084 1273 2130 contrariam
1307 2082 1534 2145 opposuit,

256 2156 312 2209 ei<
337 2179 393 2209 eo
421 2174 589 2217 natam,
618 2159 741 2222 quod
771 2171 959 2204 mortem
989 2158 1100 2204 inter
1135 2155 1423 2203 lndifferentia
1454 2172 1539 2218 po-

258 2237 400 2281 nimus
418 2271 432 2291 ‚
457 2251 566 2297 quae
590 2240 784 2296 ἀδωέφσρα
803 2231 960 2277 Graeci
986 2241 1162 2276 vocant.
1190 2229 1308 2275 Nihil
1330 2265 1342 2285 ‚
1368 2228 1539 2290 inquit,
1566 2268 1567 2271 ,

255 2308 505 2355 indifferens
525 2307 761 2370 gloriosum
783 2306 868 2352 est:
894 2321 1012 2350 mors
1029 2316 1171 2349 autem
1191 2298 1427 2365 gloriosum
1447 2302 1533 2348 est:-

253 2397 360 2442 ergo
393 2396 512 2425 mors
542 2396 631 2425 non
660 2378 923 2426 indifferens.
952 2379 1072 2423 Haec
1099 2375 1537 2438 interrogatiovides

254 2452 329 2498 ubi
347 2452 546 2514 obrepat.
572 2469 692 2499 mors
710 2469 801 2498 non
817 2451 878 2499 est
894 2451 1083 2514 gloriosa
1097 2486 1110 2508 ‚
1134 2450 1203 2500 sed
1224 2449 1398 2497 fortiter
1417 2447 1532 2496 mori
