1807 3004
506 150 1095 196 EPISTOLAE.
1344 167 1439 216 35³

165 271 284 304 catur
310 275 320 303 ε
349 256 405 303 sic
439 256 552 302 inter
583 256 904 318 philosophiam
932 271 975 302 et
1005 256 1270 319 sapientiam.
1312 259 1435 306 Haec

163 330 279 375 enim
300 328 412 375 illius
437 327 639 385 effectus,
662 342 705 374 et
729 329 971 391 praemium
997 330 1056 374 est
1080 347 1090 374 :
1112 328 1184 375 illa
1212 331 1358 389 venit,
1379 331 1435 377 ad

162 403 273 449 hanc
299 402 396 448 itur.
423 400 637 463 Sapientia
658 400 738 459 est,
766 418 896 464 quam
919 401 1079 448 Graeci
1103 407 1236 458 σοφίαν
1254 419 1436 454 vocant.

163 475 265 521 Hoc
288 473 430 522 verbo
458 489 639 536 quoque
662 473 855 520 Romani
885 474 1141 530 utebantur,
1164 474 1271 522 ficut
1295 476 1436 538 philo·

162 546 314 610 sophia
342 563 460 593 nunc
483 563 668 610 quoque
694 559 884 593 utuntur.
914 547 1053 607 Quod
1081 561 1125 593 et
1154 560 1328 611 togatae
1353 551 1434 599 tibi

162 620 363 682 antiquae
388 620 662 681 probabunt,
691 631 734 665 et
763 619 993 682 inscriptus
1025 618 1243 667 Dossenni
1273 639 1434 670 monu-

159 707 312 737 mento
341 691 517 737 titulus:

223 767 381 826 Hospes
399 766 514 830 rssste
534 803 545 824 ‚
567 765 609 812 δ’
622 768 818 827 sophiam
843 765 1056 829 Doffitzni
1083 771 1162 830 lege
1177 803 1188 816 .

156 839 350 900 Quidam
387 857 440 886 ex
476 839 633 886 nostris
656 875 668 896 ,
697 841 902 902 quamvis
934 840 1210 903 philosophia
1243 840 1431 893 studium

155 912 328 959 virtutis
354 912 484 970 esset,
505 924 548 959 et
568 913 676 958 haec
700 926 945 974 peteretur,
972 912 1041 958 illa
1068 925 1258 974 peteret,
1283 930 1431 964 tamen

156 1000 248 1031 non
276 996 544 1046 putaverunt
568 984 657 1030 illas
681 983 854 1030 distrahi
880 984 1016 1046 poffe.
1046 986 1159 1032 Nam
1186 1003 1268 1035 nec
1284 989 1432 1051 philo-

154 1058 307 1120 sophia
339 1058 425 1104 fine
447 1058 610 1105 virtute
629 1058 716 1115 est,
750 1073 832 1104 nec
858 1056 945 1102 fine
974 1057 1253 1122 philosophia
1289 1063 1429 1115 virtus

152 1132 225 1179 est.
267 1131 543 1194 Philosophia
581 1130 769 1177 studium
808 1130 980 1176 virtutis
1017 1130 1106 1186 est,
1145 1132 1217 1180 sed
1251 1152 1328 1197 per
1356 1139 1430 1202 ip-

152 1206 241 1253 sam
270 1204 476 1253 virtutem
502 1221 513 1250 ε
537 1219 619 1251 nec
641 1203 781 1250 virtus
803 1215 945 1248 autem
971 1202 1054 1250 effe
1083 1203 1170 1251 fine
1197 1205 1342 1256 studio
1367 1212 1430 1262 sui

152 1277 320 1342 potest,
357 1293 439 1323 nec
471 1276 649 1324 virtutis
682 1274 872 1321 studium
902 1274 988 1322 fine
1017 1275 1120 1338 ipsa.
1171 1279 1278 1326 Non
1308 1283 1427 1332 enim

153 1349 530 1413 quemadmodum
561 1348 606 1393 in
636 1347 702 1394 his
731 1346 807 1409 qui
841 1346 1003 1410 aliquid
1033 1365 1087 1394 ex
1119 1349 1290 1400 distanti
1319 1354 1426 1405 loco

152 1421 282 1468 ferire
302 1433 538 1473 conantur,
561 1417 662 1464 alibi
684 1417 744 1464 est
777 1417 854 1480 qui
878 1418 1011 1479 petit,
1038 1419 1139 1466 alibi
1162 1425 1286 1484 quod
1311 1429 1427 1489 peti..

124 1524 128 1529 ·
152 1509 252 1540 tur:
280 1507 361 1537 nec
384 1489 759 1553 quemadmodum
783 1488 938 1535 itinera
959 1505 1070 1552 quae
1095 1492 1149 1537 ad
1174 1495 1302 1542 urbes
1322 1515 1425 1560 per.

152 1565 354 1618 ducunt,
386 1574 506 1609 extra
536 1561 645 1623 ipsas
679 1560 789 1606 sunt.
819 1559 873 1604 ad
906 1560 1112 1607 virtutem
1143 1564 1320 1613 venitur
1346 1586 1426 1632 per

151 1636 299 1698 ipsam.
328 1634 578 1680 Cohaerent
597 1647 706 1694 ergo
726 1630 838 1677 inter
868 1630 911 1677 se
929 1631 1234 1696 philosophia,
1263 1639 1425 1689 virtus..

151 1725 250 1772 que.
278 1705 583 1768 Philosophiae
610 1716 694 1752 tres
717 1716 858 1766 partes
884 1704 966 1751 effe
997 1706 1202 1755 dixerunt
1228 1725 1272 1758 et
1290 1716 1426 1764 maxi.

149 1781 210 1828 mi
238 1793 282 1829 et
313 1778 490 1843 plurimi
526 1772 757 1824 auctores:
784 1778 997 1825 Moralem
1017 1815 1032 1837 ,
1066 1781 1320 1831 Naturalem
1337 1822 1351 1845 ,
1378 1803 1425 1838 et

150 1854 440 1901 Rationalem.
470 1851 613 1898 Prima
642 1851 874 1913 componit
896 1852 1122 1910 animum,
1156 1855 1340 1906 secunda
1355 1879 1425 1910 re-

150 1943 247 1973 rum
267 1938 461 1973 naturam
479 1923 711 1978 scrutatur,
733 1924 859 1971 tertia
878 1926 1166 1987 proprietates
1180 1931 1426 1983 verborum

150 1998 314 2062 exigit,
342 2009 386 2044 et
415 1996 696 2052 structuram,
729 2007 772 2042 et
801 1998 1224 2059 argumentationes,
1254 2020 1310 2050 ne
1336 2023 1423 2069 pro

152 2088 264 2121 vero
295 2070 396 2117 falsa
424 2070 659 2131 surrepant.
688 2070 897 2116 Ceterum
924 2069 1091 2117 inventi
1123 2071 1244 2134 sunt,
1274 2092 1318 2126 et
1345 2080 1424 2143 qui

150 2144 195 2190 in
218 2141 427 2205 pauciora
458 2139 807 2204 philosophiam,
836 2155 879 2186 et
910 2143 985 2205 qui
1012 2144 1057 2189 in
1082 2145 1208 2206 plura
1237 2148 1423 2198 didace-

150 2229 260 2263 rent.
289 2214 482 2273 Quidam
513 2230 567 2259 ex
592 2213 889 2276 Peripateticis
914 2232 1111 2277 quartam
1142 2233 1310 2280 partem
1346 2223 1427 2269 ad·-

151 2288 343 2335 iecerunt
362 2319 376 2343 ,
411 2288 604 2334 Civilem
630 2305 641 2333 :
668 2287 769 2350 quia
795 2290 1014 2350 quandam
1043 2293 1271 2354 propriam
1301 2312 1424 2343 exer.

150 2361 401 2408 citationem
439 2360 673 2419 desideret,
698 2374 741 2407 et
775 2362 890 2409 circa
924 2363 1048 2410 aliam
1079 2366 1303 2414 materiam
1335 2384 1423 2417 oc·

146 2448 304 2494 cupata
340 2432 401 2478 fit.
444 2432 637 2492 Quidam
676 2433 924 2483 adiecerunt
957 2434 1023 2484 his
1058 2450 1256 2500 partem,
1283 2457 1416 2503 quam

211 2507 259 2553 L.
284 2510 409 2554 Arm.
440 2511 607 2553 Seneca.
632 2510 726 2556 Vol.
748 2508 838 2556 III.
941 2543 943 2546 Α
1135 2512 1181 2575 ΖΙ
