1797 2956
264 175 354 220 m4
503 161 1304 208 L.ANNAEISENECAE

260 265 320 313 ste
351 266 478 315 fero?
514 285 594 324 an,
626 268 850 326 Feliciter,
875 269 1001 331 quod
1027 270 1146 332 agis?
1176 270 1276 316 Hoc
1307 269 1412 317 loco
1432 270 1543 318 'mihi

258 342 514 390 Demetrius
552 343 697 390 noster
729 344 959 399 occurrit,
993 344 1067 407 qui
1100 344 1237 391 vitam
1268 343 1462 396 securam
1500 357 1545 391 et

259 413 346 461 fine
373 416 470 460 ullis
496 415 701 463 fortunae
726 415 1046 463 incursionibus
1066 434 1183 464 mare
1210 432 1436 463 mortuum
1460 433 1545 464 vc-

257 501 342 532 cat.
363 488 483 532 Nihil
503 488 662 534 habere
689 487 743 532 ad
763 487 886 550 quod
908 486 1109 535 exciteris
1130 523 1141 542 ‚
1160 489 1211 534 ad
1233 489 1355 551 quod
1373 502 1413 535 te
1432 505 1545 536 con-

259 559 390 614 cites,
423 559 546 605 cuius
566 558 898 605 denuntiatione
920 572 962 605 et
981 559 1154 607 incursu
1182 559 1430 608 firmitatem
1451 561 1547 607 ani-

261 633 322 678 mi
351 632 412 678 tui
435 647 602 679 tentes:
624 632 696 678 sed
714 632 757 677 in
779 631 876 677 otio
904 632 1161 679 inconcuffo
1186 632 1326 680 iacere
1348 651 1359 679 :
1379 649 1469 679 non
1489 631 1549 678 est

260 703 577 766 tranquillitas;
605 704 786 750 mzlacia
807 703 878 750 est.
911 704 1074 750 Attalus
1104 703 1275 750 Stoicus
1306 705 1454 753 dicere
1475 705 1550 751 so·

262 777 403 823 lebat:
426 777 546 822 Malo
566 793 634 822 me
656 776 836 823 fortuna
857 777 901 822 in
925 777 1069 822 castris
1096 775 1203 833 suis,
1227 792 1359 839 quam
1377 776 1422 822 in
1440 776 1549 824 deli-

261 852 338 897 ciis
363 852 531 897 habeat.
550 864 789 914 torqueor,
807 851 880 899 sed
901 850 1100 896 fortiter:
1122 849 1234 896 bene
1251 849 1331 896 est.
1349 850 1552 908 occidor,

263 925 334 972 sed
354 924 532 971 fortiter
552 942 562 971 :
589 925 700 971 bene
724 925 799 971 est.
817 923 933 970 Audi
954 924 1208 987 Epicurum.
1228 923 1368 982 dicet,
1389 925 1442 969 Et
1463 923 1552 969 dul-

263 1014 314 1044 ce
348 995 421 1041 est.
452 998 549 1059 Ego
584 1009 671 1042 tam
706 996 913 1044 honestae
946 997 1010 1043 rei
1040 1014 1091 1044 ac
1120 997 1294 1043 severae
1327 1013 1553 1057 nunquam

265 1070 399 1117 molle
421 1086 585 1115 nomen
611 1069 853 1132 imponam.
879 1071 1001 1115 Uror
1020 1104 1032 1126 ‚
1054 1068 1125 1114 sed
1144 1067 1346 1115 inviEIus.
1385 1067 1557 1130 Quidni

264 1143 457 1203 optabile
487 1143 563 1198 fit,
591 1161 679 1190 non
703 1145 826 1207 quod
849 1144 937 1190 urit
962 1160 1031 1190 me
1053 1143 1192 1204 ignis,
1222 1142 1295 1189 sed
1321 1143 1444 1204 quod
1463 1158 1555 1189 non

266 1217 446 1263 vincit?
484 1217 606 1264 Nihil
649 1217 710 1264 est
744 1219 910 1265 virtute
945 1218 1265 1280 praestantius,
1308 1216 1415 1262 nihil
1454 1216 1554 1278 pul-

265 1288 413 1335 chrius
446 1306 458 1334 ε
489 1303 533 1334 et
565 1288 731 1334 bonum
764 1287 854 1346 est,
897 1300 941 1334 et
977 1288 1208 1351 optabile,
1249 1287 1464 1352 quidquid
1498 1304 1554 1334 ex

266 1360 392 1408 huius
419 1361 584 1424 geritur
612 1361 818 1423 imperio.

503 1511 604 1592 Ef
639 1522 656 1554 1
692 1521 714 1555 s
750 1523 782 1555 T
819 1522 853 1554 o
889 1522 917 1554 L
951 1522 985 1554 A
1065 1509 1322 1556 LXVIII.

270 1657 428 1701 Suadet
445 1654 604 1711 otium,
623 1654 703 1714 fid
721 1672 811 1700 cum
844 1654 1113 1715 Philosophia
1138 1653 1335 1699 ἱιιηὲἵιινη.
1366 1655 1555 1714 Idipfizm

337 1754 423 1781 non
450 1735 686 1780 iaffandum
715 1731 797 1796 effi.
824 1734 885 1777 Et
904 1734 950 1777 in
980 1750 1024 1777 eo
1042 1735 1089 1776 de
1095 1731 1171 1791 sk,
1199 1735 1316 1790 apud
1322 1733 1394 1792 fi,
1427 1751 1556 1794 agen-

337 1821 466 1865 dum:
500 1820 549 1864 id
564 1819 641 1883 est,
671 1834 718 1863 ut
745 1819 792 1862 in
824 1818 930 1863 vitia
963 1816 1255 1876 inquiramus,
1287 1819 1556 1862 emendemus.

336 1903 534 1962 Denique
553 1903 624 1946 hoc
644 1902 776 1946 otium
790 1936 804 1958 ,
813 1901 938 1960 ficper
954 1902 1128 1945 aliorum
1147 1899 1308 1960 negotia
1325 1895 1394 1962 effi}
1408 1915 1424 1943 .·
1444 1901 1557 1959 quod

337 2000 512 2044 magnae
531 1982 791 2042 Reipublicae
804 1982 950 2042 firvit.

279 2087 385 2205 C
407 2168 651 2202 oNStLlo
670 2165 748 2201 tuo
767 2153 958 2202 accedo:
978 2150 1196 2200 absconde
1212 2162 1254 2198 te
1274 2149 1319 2197 in
1343 2150 1465 2206 otio,
1484 2149 1558 2197 sed
1598 2169 1605 2175 ·

272 2242 315 2274 et
337 2229 480 2275 otium
504 2243 627 2274 tuum
652 2228 883 2276 absconde.
912 2229 1014 2274 Hoc
1041 2240 1084 2274 te
1109 2225 1325 2273 fafiiurum
1342 2261 1356 2280 ‚
1380 2226 1559 2271 Stoico-

272 2321 367 2350 rum
393 2305 523 2353 etiam
546 2304 576 2350 fi
603 2321 694 2351 non
715 2316 981 2368 praecepto,
1010 2317 1053 2349 at
1078 2302 1283 2365 exemplo
1305 2301 1405 2348 licet
1423 2301 1558 2348 scias:

272 2379 344 2425 sed
371 2395 425 2424 ex
449 2392 687 2441 praecepto
707 2393 888 2442 quoque
909 2376 1067 2423 facies:
1090 2376 1134 2422 id
1161 2375 1263 2432 tibi,
1287 2392 1386 2422 cum
1408 2373 1560 2429 voles,

270 2451 544 2515 approbabo.
565 2453 663 2500 Nec
680 2451 733 2499 ad
756 2467 936 2499 omnem
962 2449 1304 2513 Rempublicam
1322 2447 1558 2502 mittimus,

1784 2233 1793 2343 4
