1797 2956
286 194 379 250 με
514 194 562 239 L.
613 192 904 239 ANNAat
952 193 1306 240 SENECAE

287 296 570 343 incertissimo
593 298 805 361 regimine
831 299 1075 355 utentibus,
1097 298 1226 343 fama.
1262 298 1304 344 Si
1329 297 1395 344 vis
1414 297 1565 346 eadem

288 368 460 431 semper
482 371 592 416 velle
608 407 621 428 ‚
654 388 757 416 vera
776 384 955 432 oportet
977 372 1097 416 velis.
1124 370 1191 415 Ad
1210 387 1362 416 verum
1384 369 1471 414 sine
1489 370 1564 414 de-

287 443 414 488 cretis
433 460 521 487 non
553 445 834 504 pervenitur:
858 444 1083 489 continent
1100 444 1250 489 vitam.
1274 443 1394 488 Bona
1411 455 1452 486 et
1472 458 1567 486 ma-

286 516 352 573 la,
389 517 567 562 honesta
600 532 643 563 et
669 519 810 580 turpia
829 553 841 573 ‚
876 517 981 562 iusta
1014 531 1056 563 et
1085 517 1238 563 iniusta
1257 549 1270 571 ‚
1309 518 1376 578 pia
1407 529 1451 562 et
1481 516 1567 560 im-

286 589 377 651 pia,
404 590 587 636 virtutes
607 591 791 652 ususque
810 592 1050 646 virtutum,
1066 607 1207 635 rerum
1229 590 1564 635 commodarum

286 662 513 722 poss‘effio,
545 662 787 710 aestimatio
816 680 865 708 ac
899 663 1082 724 dignitas
1103 698 1115 718 ‚
1152 663 1386 718 valetudo,
1419 662 1568 718 vires,

286 732 430 778 forma
445 768 458 790 ,
483 733 695 795 sagacitas
715 735 939 791 sensuum,
955 735 1229 793 haecomnia
1248 733 1564 779 aestimatorem

287 807 550 865 desiderant,
568 810 718 872 quanti
740 810 933 871 quidque
950 810 995 855 in
1016 809 1187 855 censum
1207 807 1492 854 deferendum
1508 806 1569 852 fit.

286 880 460 926 Fa'ileris
479 880 596 925 enim
614 918 625 937 ‚
647 894 687 926 et
707 882 842 943 pluris
865 881 1075 943 quaedam
1091 917 1103 937 ,
1135 897 1264 941 quam
1283 881 1396 934 sunt,
1416 895 1567 942 putas:

285 954 487 1016 adeoque
509 955 692 1011 falleris,
709 970 755 1001 ut
771 972 882 1017 quae
902 955 1091 1000 maxima
1111 954 1222 1000 inter
1243 971 1323 1001 vos
1341 955 1569 1013 habentur,

284 1028 494 1081 divitiae,
534 1029 668 1090 gratia
690 1064 702 1085 ‚
738 1029 959 1090 potentia,
997 1027 1191 1072 sestertio
1226 1044 1410 1073 nummo
1429 1026 1567 1072 ¹*aesti-

284 1102 442 1147 manda
463 1101 570 1148 sunt,
588 1103 691 1147 Hoc
713 1102 874 1149 nescies
890 1138 903 1159 ,
929 1101 1003 1147 nisi
1024 1101 1384 1148 constitutionem
1406 1091 1541 1163 ipsa-m
1557 1137 1577 1159 ‚

287 1191 374 1236 qua
401 1174 477 1220 ista
508 1175 621 1220 inter
652 1174 693 1220 se
727 1170 1030 1231 aestimantur,
1060 1175 1308 1236 inspexeris.
1342 1171 1571 1233 Quemad?

287 1248 473 1294 modum
503 1247 605 1293 folia
629 1247 773 1294 virere
796 1264 874 1308 per
904 1246 943 1292 se
965 1263 1053 1292 non
1077 1247 1276 1309 possunt;
1305 1264 1473 1292 ramum
1493 1247 1573 1292 de-
1597 1277 1599 1279 -

286 1318 500 1376 siderant,
521 1319 591 1365 cui
613 1318 894 1376 inhaereant,
916 1335 968 1364 ex
987 1335 1078 1381 quo
1100 1320 1271 1365 trahant
1292 1319 1465 1365 succum
1484 1339 1492 1362 ε
1517 1317 1573 1365 sic

287 1389 364 1435 ista
402 1403 633 1452 praecepta
667 1390 696 1436 fi
734 1390 821 1436 sola
853 1390 974 1448 sunt,
1004 1404 1200 1436 marcent
1225 1409 1236 1436 ε
1264 1389 1387 1453 infigi
1416 1389 1572 1436 volunt

287 1463 437 1510 sefiae.
470 1464 723 1518 Praeterea,
746 1479 836 1508 non
863 1462 1105 1526 intelligunt
1126 1463 1170 1508 hi
1194 1463 1267 1525 qui
1294 1463 1464 1509 decreta
1484 1462 1571 1507 tol-

287 1536 410 1592 lunt,
443 1553 499 1582 eo
530 1535 627 1597 ipso
657 1535 912 1582 confirmari
942 1536 1040 1592 illa,
1069 1552 1163 1598 quo
1197 1536 1422 1581 tolluntur.
1452 1534 1574 1594 Quid

288 1610 404 1656 enim
432 1611 621 1656 dicunt?
657 1609 898 1671 praeceptis
934 1609 1033 1655 satis
1064 1608 1201 1654 vitam
1230 1607 1466 1670 explicari,
1502 1608 1573 1654 su·

289 1682 455 1746 perfiua
476 1682 558 1728 effe
579 1683 755 1729 decreta
776 1680 1006 1742 sapientiae
1024 1716 1037 1737 ‚
1067 1680 1111 1726 id
1139 1680 1225 1735 est,
1246 1681 1473 1743 dogmata,⁴
1497 1684 1574 1725 At-

288 1756 364 1820 qui
384 1757 472 1803 hoc
496 1756 637 1819 ipsu-m
665 1755 789 1819 quod
815 1755 966 1801 dicunt
979 1787 1000 1810 ‚.
1020 1756 1242 1801 decretum
1262 1754 1346 1800 est:
1366 1768 1452 1800 tam
1473 1755 1573 1800 her-

287 1831 383 1878 cule
398 1867 412 1887 ‚
431 1847 560 1893 quam
582 1830 618 1875 si
634 1847 750 1875 nunc
770 1846 855 1892 ego
881 1829 1070 1876 dicerem
1087 1864 1100 1885 ‚
1127 1829 1418 1875 recedendum
1445 1823 1531 1874 esse
1551 1845 1575 1874 a

287 1905 530 1968 praeceptis
552 1903 832 1967 supervacuis
848 1939 861 1961 ‚
887 1917 929 1948 et
949 1903 992 1948 in
1020 1903 1127 1948 haec
1145 1902 1232 1948 sola
1257 1901 1444 1947 studium
1465 1916 1575 1946 con-

289 1978 518 2024 ferendum
540 1978 660 2023 :hoc
679 1976 777 2039 ipso
797 1992 890 2038 quo
915 1992 1119 2037 negarem
1139 1974 1326 2022 curanda
1349 1973 1433 2019 effe
1452 1990 1575 2036 prae·
1607 2030 1612 2034 .

290 2065 416 2114 cepta
431 2086 443 2107 ‚
481 2051 796 2112 praeciperem.
833 2049 1061 2108 Quaedam
1097 2046 1444 2093 admonitionem
1475 2045 1573 2107 phi..

289 2125 516 2186 Iosophiae
543 2123 806 2176 desiderant,
826 2122 1039 2184 quaedam
1062 2119 1370 2183 probationem
1391 2132 1457 2166 :et
1475 2120 1574 2182 qui.-

293 2198 391 2242 dem
425 2198 589 2251 multa;
618 2196 719 2259 quia
746 2195 944 2240 involuta
975 2195 1093 2251 sunt,
1121 2192 1285 2256 vixque
1312 2194 1477 2239 summa
1506 2193 1575 2239 di-

290 2270 466 2332 ligentia
486 2287 535 2315 ac
556 2269 719 2315 summa
737 2267 964 2314 subtilitate
985 2266 1256 2328 aperiuntur.
1285 2265 1326 2310 Si
1347 2265 1577 2327 probatio·-

291 2359 366 2388 nes
396 2341 659 2388 necessariae-
675 2341 799 2395 sum3
829 2354 872 2386 et
901 2339 1074 2399 decreta
1091 2374 1104 2396 ‚
1128 2354 1240 2401 quae
1261 2337 1491 2384 veritatem
1509 2354 1577 2383 ar-

291 2415 508 2479 gumentis
529 2413 757 2477 colligunt.
786 2413 1016 2472 Quaedam
1046 2426 1191 2474 aperta
1217 2409 1335 2465 sunt,
1361 2410 1572 2472 quaedam

291 2487 488 2539 obscura„
509 2490 696 2552 Aperta,
716 2502 826 2550 quae
846 2484 967 2535 sensu
987 2484 1441 2548 comprehenduntur,
1459 2498 1570 2547 quae
