1797 2956
322 215 411 243 222
547 199 595 244 L.
646 195 934 242 ANNAEI
984 197 1339 275 SENECAss

308 304 542 349 debemus.
558 316 682 347 exeat
697 317 781 365 qua
798 301 1010 364 impetum
1029 302 1168 364 cepit:
1189 301 1278 348 five
1298 301 1460 348 ferrum
1476 318 1600 365 appe-

319 377 372 423 tit
387 413 398 433 ,
428 376 520 422 five
543 375 771 437 laqueum,
789 374 877 422 five
897 375 1082 437 aliquam
1103 377 1334 438 potionem
1356 393 1490 423 venas
1516 393 1599 424 oc-

320 461 576 511 cupantem,
622 459 799 510 pergat,
832 461 876 494 et
902 447 1079 494 vincula
1106 447 1322 495 servitutis
1357 449 1601 512 abrumpat.

322 522 470 567 Vitam
494 532 536 566 et
553 520 642 566 aliis
659 520 901 583 approbare
918 521 1100 583 quisque
1117 521 1272 576 debet,
1299 533 1489 567 mortem
1512 521 1602 568 fibi.

319 595 490 657 optima
511 593 572 640 est
589 628 602 650 ‚
620 609 732 656 quae
757 593 909 655 placet.
929 593 1064 639 Stulte
1082 593 1188 640 haec
1207 593 1452 656 cogitantur
1471 611 1481 639 ε
1506 594 1603 640 Ali-

322 667 420 729 quis
449 666 564 713 dicet
593 682 663 712 me
699 683 850 728 parum
878 666 1053 712 fortiter
1083 665 1260 724 fecisse,
1291 667 1445 730 aliquis
1472 667 1602 714 nimis

323 758 512 799 temere,
540 742 695 804 aliquis
727 741 851 787 fuiss'e
871 741 1047 804 aliquod
1078 759 1214 805 genus
1243 742 1397 788 mortis
1423 742 1602 788 animo·-

320 816 416 861 fius.
458 814 538 861 Vis
568 825 615 859 tu
641 813 834 877 cogitare
864 813 910 859 id
937 813 980 859 in
1009 813 1208 860 manibus
1236 812 1319 860 effe
1346 813 1604 869 confilium,

320 888 374 932 ad
403 886 526 949 quod
553 885 666 932 fama
694 902 784 931 non
811 884 1035 948 pertinet?
1066 886 1154 932 hoc
1176 902 1309 932 unum
1337 885 1534 943 intuere,
1555 895 1604 931 ut

320 976 363 1009 te
388 961 591 1008 fortunae
615 977 746 1024 quam
767 959 994 1008 celerrime
1010 959 1183 1022 eripias.
1218 959 1398 1023 Alioqui
1418 959 1603 1005 aderunt

324 1034 401 1096 qui
436 1035 490 1080 de
525 1033 641 1080 facio
670 1046 751 1080 tuo
793 1034 905 1079 male
934 1032 1194 1079 existiment.
1241 1031 1441 1079 Invenies
1471 1031 1604 1080 etiam

321 1104 540 1169 professos
560 1104 811 1167 sapientiam
828 1140 841 1162 ‚
871 1103 949 1167 qui
968 1104 1060 1150 vim
1081 1102 1344 1150 afferendam
1366 1103 1482 1150 vitae
1504 1101 1603 1150 suae

322 1191 504 1241 negent,
534 1190 577 1224 et
612 1178 732 1224 nefas
766 1178 962 1224 iudicent
998 1177 1137 1239 ipsum
1174 1177 1508 1223 interemtorem
1539 1174 1603 1222 sui

322 1251 432 1298 fieri.
460 1250 803 1311 exspec‘tandum
837 1249 919 1295 effe
948 1247 1113 1296 exitum
1133 1282 1147 1305 ,
1178 1263 1310 1310 quem
1341 1259 1491 1293 natura
1523 1247 1605 1293 de-

323 1322 475 1369 crevit.
512 1322 612 1368 Hoc
646 1322 725 1385 qui
756 1322 890 1379 dicit,
919 1338 1009 1367 non
1038 1319 1160 1367 videt
1191 1320 1231 1366 se
1262 1319 1449 1366 libertati
1485 1319 1605 1366 viam

321 1397 539 1442 claudere.
574 1395 649 1442 Nil
680 1396 834 1442 melius
862 1384 1036 1442 aeterna
1065 1394 1133 1440 lex
1158 1393 1288 1451 fecit,
1319 1409 1451 1456 quam
1479 1393 1605 1456 quod

323 1488 458 1516 unum
484 1470 715 1518 introitum
744 1470 875 1516 nobis
899 1469 953 1515 ad
984 1468 1122 1515 vitam
1151 1466 1291 1525 dedit,
1322 1467 1464 1514 exitus
1489 1468 1607 1514 mul-

323 1560 407 1592 tos.
435 1548 530 1608 Ego
548 1544 793 1608 exspectem
821 1542 895 1590 vel
915 1541 1061 1588 morbi
1086 1540 1402 1599 crudelitatem,
1429 1540 1501 1588 vel
1521 1542 1606 1587 ho-

324 1617 477 1675 minis,
495 1634 594 1664 cum
612 1617 769 1680 poffim
798 1632 874 1679 per
893 1614 1037 1660 media
1055 1613 1172 1661 exire
1198 1625 1419 1661 tormenta
1436 1649 1449 1668 ,
1469 1625 1512 1660 et
1530 1613 1604 1659 ad-

324 1692 447 1739 versa
481 1691 733 1738 discutere?
771 1692 872 1737 Hoc
909 1688 969 1736 est
999 1706 1164 1743 unum,
1201 1706 1276 1735 cur
1307 1689 1360 1734 de
1392 1688 1481 1735 vita
1513 1705 1606 1734 non

327 1765 537 1827 pellimus
560 1765 710 1828 queri:
733 1765 951 1812 neminem
985 1775 1116 1810 tenet.
1148 1764 1278 1809 Bono
1300 1762 1405 1808 loco
1425 1777 1491 1808 res
1519 1761 1607 1807 hu·

326 1854 479 1884 manae
516 1838 638 1897 sunt,
674 1839 798 1902 quod
831 1854 964 1884 nemo
998 1836 1073 1882 nisi
1110 1837 1224 1884 vitio
1262 1835 1340 1882 suo
1371 1834 1500 1881 miser
1531 1833 1607 1882 est.

327 1910 501 1956 Placet?
521 1909 638 1956 vive.
661 1927 751 1955 non
772 1910 937 1972 placet?
959 1908 1059 1955 licet
1079 1924 1135 1956 eo
1158 1906 1321 1954 reverti
1341 1907 1457 1953 unde
1477 1906 1606 1953 veni-

328 1986 392 2030 sti.
414 1987 475 2031 Ut
494 1985 697 2031 dolorem
718 1985 868 2048 capitis
883 1984 1067 2041 levares,
1082 1981 1331 2046 sanguinem
1351 1979 1474 2042 saepe
1491 1980 1605 2027 emi-

331 2057 411 2102 133³.
434 2075 443 2101 ε
472 2057 525 2102 ad
545 2058 866 2103 extenuandum
899 2072 1059 2118 corpus
1086 2071 1198 2102 vena
1222 2052 1492 2116 percutitur:
1514 2071 1605 2101 non

329 2147 442 2191 opus
461 2130 521 2176 est
541 2130 666 2177 vasto
684 2131 870 2177 vulnere
888 2130 1089 2176 dividere
1112 2125 1382 2191 praecordia.
1403 2127 1606 2189 scalpello

331 2224 337 2245 ;
360 2205 520 2265 pix-itur
539 2204 592 2249 ad
618 2203 735 2249 illam
755 2219 957 2268 magnam
989 2203 1233 2249 libertatem
1252 2201 1323 2248 via
1347 2219 1358 2247 ε
1380 2217 1422 2248 et
1440 2203 1605 2261 puncto

331 2276 534 2321 {feuritas
561 2275 741 2322 constat.
771 2275 891 2335 Quid
923 2290 1028 2338 ergo
1048 2273 1130 2330 est,
1164 2273 1288 2336 quod
1319 2288 1400 2319 nos
1418 2271 1520 2318 facit
1540 2272 1606 2333 pi-

330 2365 430 2405 ¹(pros
447 2384 460 2404 ,
488 2348 766 2412 inertesque?
802 2349 950 2394 Nemo
971 2346 1168 2393 nostrum
1190 2345 1355 2409 cogitat
1373 2377 1387 2400 ‚
1407 2346 1606 2407 quando-

329 2437 414 2481 que
435 2419 511 2465 fibi
533 2436 587 2466 ex
617 2420 704 2467 hoc
725 2419 954 2466 domicilio
973 2419 1235 2465 exeundum.
1262 2418 1332 2465 Sic
1349 2430 1517 2465 veteres
1536 2417 1607 2462 in-

328 2493 518 2555 q„.23{nos
549 2493 821 2558 indulgentia
854 2493 941 2542 loci
967 2507 1011 2541 et
1041 2491 1315 2541 consuetudo
1333 2527 1349 2552 ,
1382 2482 1509 2538 eiiam
1532 2489 1606 2536 in-
