1797 2956
287 183 375 230 186
531 187 579 233 L.
623 188 908 234 ANNAEI
957 190 1289 237 SENECAE

279 290 543 354 recordatio.
573 308 705 340 nemo
734 293 915 342 libenter
939 296 993 342 ad
1012 296 1057 342 id
1084 296 1220 354 redit,
1239 296 1359 358 quod
1388 313 1477 344 non
1498 296 1553 344 fi-

281 377 337 405 ne
362 373 588 408 tormento
613 364 878 426 cogitaturus
901 366 972 412 est.
999 366 1041 412 Si
1062 380 1205 414 tamen
1223 366 1332 413 istud
1356 367 1451 414 fieri
1478 385 1555 414 rte-

281 433 392 480 ceffe
418 434 507 491 est,
540 448 588 482 ut
613 453 713 481 cum
743 439 891 500 aliquo
935 439 1061 485 nobis
1102 441 1274 499 morsu,
1300 440 1554 487 amifforum

280 522 395 567 quos
424 508 667 554 amavimus
691 525 851 556 nomen
880 524 1110 557 occurrat:
1139 513 1207 560 hic
1233 530 1410 577 quoque
1437 529 1555 559 mor-

281 578 354 627 sus
380 579 507 626 habet
538 580 652 627 suam
691 583 976 644 voluptatem.
1014 586 1155 641 Nam,
1186 598 1234 632 ut
1262 587 1408 633 dicere
1443 585 1555 630 sole-

281 650 354 698 bat
375 653 541 699 Attalus
569 653 740 701 noster:
760 656 829 701 Sic
855 657 1101 704 amicorum
1131 657 1440 704 defunctorum
1462 673 1558 703 rne-

283 725 426 770 moria
455 725 642 772 iucunda
670 727 755 785 est,
790 731 1023 792 quomodo
1059 747 1192 792 poma
1222 732 1433 794 quaedam
1464 732 1561 778 sunt

283 797 473 847 suaviter
496 800 670 863 aspera,
700 805 933 865 quomodo
959 805 1003 851 in
1033 805 1143 852 vino
1164 804 1290 851 nimis
1315 804 1453 852 veteri
1472 803 1561 866 ipsa

283 888 366 918 nos
394 874 639 922 amaritudo
672 877 855 927 deledtat
882 897 893 925 t
927 895 1029 926 cum
1065 896 1175 926 vero
1205 879 1441 927 intervenit
1465 878 1561 941 spa-

282 943 393 992 tium
411 979 424 1000 ,
456 961 591 996 omne
622 950 747 1010 quod
772 949 956 1011 angebat
976 949 1285 1014 exstinguitur,
1315 964 1357 996 et
1376 967 1482 1012 pura
1509 948 1564 994 ad

284 1032 367 1062 nos
398 1020 605 1081 voluptas
638 1021 772 1068 venit.
805 1023 846 1068 Si
877 1022 937 1067 illi
967 1023 1211 1080 credimus,
1240 1022 1407 1072 amicos
1434 1021 1562 1069 inco-

283 1091 422 1138 lumes
439 1094 656 1156 cogitare9
678 1096 802 1141 melle
820 1112 869 1142 ac
889 1096 1083 1159 placenta
1102 1096 1188 1143 frui
1206 1097 1266 1144 est
1288 1113 1468 1144 :eorum
1489 1094 1565 1158 qui

285 1164 464 1212 fuerunt
487 1168 762 1227 retractatio,
794 1186 884 1215 non
904 1170 993 1216 fine
1022 1171 1252 1218 acerbitate
1276 1172 1463 1234 quadam
1493 1169 1569 1215 iu·

285 1249 373 1283 vat.
418 1238 533 1297 Quis
564 1255 708 1286 autem
735 1241 988 1303 negaverit,
1019 1242 1125 1289 haec
1148 1244 1263 1289 acria
1293 1259 1499 1307 quoque,
1524 1257 1567 1290 et

286 1310 487 1357 babentia
519 1311 774 1359 austeritatis
802 1313 998 1375 aliquid,
1033 1313 1308 1363 stomachum
1338 1315 1569 1363 excitare?

288 1386 386 1446 Ego
404 1384 494 1430 non
519 1385 639 1432 idem
658 1386 811 1432 sentiO.
831 1386 939 1432 mihi
959 1387 1202 1434 amicorum
1222 1387 1434 1452 cogitatio
1447 1424 1462 1446 ‚
1479 1386 1570 1434 duh

286 1458 348 1505 cis
372 1475 422 1504 ac
450 1457 606 1505 blanda
631 1458 704 1505 est.
732 1459 861 1507 habui
894 1459 1010 1506 enim
1044 1460 1143 1507 illos
1161 1496 1176 1518 ,
1202 1475 1410 1523 tanquam
1438 1460 1567 1506 amis-

288 1530 409 1577 surus
442 1549 452 1576 :
487 1531 631 1588 amisi,
662 1544 867 1595 tanquam
895 1533 1093 1579 habeam.
1122 1536 1204 1580 Fac
1229 1549 1368 1596 ergo,
1389 1533 1451 1578 mi
1478 1534 1569 1578 Lu-

289 1603 391 1660 cili,
422 1605 545 1664 quod
583 1616 699 1649 tuam
731 1605 994 1668 aequitatem
1028 1606 1165 1654 decet.
1204 1606 1367 1652 Define
1403 1604 1571 1651 benefi-

291 1675 407 1724 cium
431 1678 647 1723 Fortunae
677 1677 787 1723 male
812 1677 1101 1739 interpretari.
1127 1677 1321 1731 abstulit,
1344 1677 1419 1723 sed·
1439 1676 1573 1723 dedit.

292 1745 400 1793 Ideo
430 1747 579 1795 amicis
612 1748 740 1795 avide
774 1748 993 1806 fruamur,
1025 1749 1124 1812 quia
1156 1748 1364 1813 quamdiu
1397 1748 1572 1795 contin-

292 1836 393 1882 gere
421 1820 510 1867 hoc
536 1820 666 1882 poffit
681 1858 692 1878 ,
721 1822 937 1869 incertum
958 1823 1035 1870 est.
1055 1822 1315 1887 Cogitemus
1338 1838 1469 1885 quam
1488 1821 1575 1868 sae-

293 1907 349 1953 pe
382 1891 481 1938 illos
514 1893 847 1956 reliquerimus,
881 1895 925 1941 in
957 1897 1145 1959 aliquam
1179 1894 1577 1959 peregrinationem

293 1964 580 2029 longinquam
614 1967 772 2016 exituri
801 1985 815 2015 :⁴
847 1985 977 2030 quam
1010 1968 1134 2032 saepe
1168 1970 1331 2018 eodem·
1354 1980 1577 2014 morantes

293 2038 428 2098 loco,
458 2058 549 2087 non
577 2041 816 2093 viderimus
845 2061 856 2089 t
885 2044 1199 2107 intelligemus,
1232 2045 1329 2107 plus
1354 2060 1435 2091 nos
1463 2056 1575 2090 tem-

296 2115 417 2176 poris
440 2116 673 2178 perdidisse
699 2116 744 2163 in
764 2116 891 2165 vivis.
919 2120 1049 2167 Feras¹
1069 2131 1213 2164 autem
1239 2119 1350 2174 hos,
1373 2117 1449 2181 qui
1474 2133 1578 2165 cum

298 2186 661 2251 negligentiffime
684 2189 849 2240 amieos
877 2190 1086 2249 habeant,
1117 2190 1355 2238 miserrime
1383 2190 1534 2252 lugent
1563 2206 1577 2236 ε

297 2275 381 2306 nec
400 2276 546 2307 amant
569 2278 847 2324 quenquam,
875 2262 952 2311 nifi
983 2280 1084 2311 cum
1109 2261 1425 2326 perdiderunt?
1452 2262 1577 2308 Ideo-

297 2350 385 2396 que
413 2346 519 2382 tunc
551 2335 722 2385 effufius
755 2350 988 2395 moerent,
1017 2336 1121 2401 quia
1149 2351 1383 2394 verentur,
1414 2353 1470 2384 ne
1499 2336 1578 2382 du-

300 2404 422 2455 bium
447 2405 497 2451 fit
512 2423 567 2453 an
587 2407 832 2456 amaverint
853 2426 864 2455 ε
884 2407 974 2455 sera
990 2408 1148 2456 iudicia
1168 2408 1343 2457 affectus
1361 2407 1421 2455 sui
1440 2424 1576 2471 quae·-

299 2490 414 2528 runt.
454 2478 500 2530 Si
528 2479 636 2530 alios
655 2481 867 2531 habemus
891 2481 1086 2542 amicos„
1105 2482 1215 2531 male
1244 2483 1298 2530 de
1327 2481 1397 2529 his*
1413 2493 1455 2529 et
1482 2498 1578 2531 mear
