<?xml version="1.0" encoding="UTF-8"?>
<!DOCTYPE html PUBLIC "-//W3C//DTD XHTML 1.0 Transitional//EN"
    "http://www.w3.org/TR/xhtml1/DTD/xhtml1-transitional.dtd">
<html xmlns="http://www.w3.org/1999/xhtml" xml:lang="en" lang="en">
 <head>
  <title>
</title>
<meta http-equiv="Content-Type" content="text/html;charset=utf-8" />
  <meta name='ocr-system' content='tesseract 3.04.00' />
  <meta name='ocr-capabilities' content='ocr_page ocr_carea ocr_par ocr_line ocrx_word'/>
</head>
<body>
  <div class='ocr_page' id='page_1' title='image "./lannaeisenecaeph03seneuoft_0105.png"; bbox 0 0 1807 3004; ppageno 0'>
   <div class='ocr_carea' id='block_1_1' title="bbox 0 1561 6 2875">
    <p class='ocr_par' dir='ltr' id='par_1_1' title="bbox 0 1561 6 2875">
     <span class='ocr_line' id='line_1_1' title="bbox 0 1561 6 2875; baseline 0 0"><span class='ocrx_word' id='word_1_1' title='bbox 0 1561 6 2875; x_wconf 95' lang='lat' dir='ltr'> </span> 
     </span>
    </p>
   </div>
   <div class='ocr_carea' id='block_1_2' title="bbox 3 1608 5 2875">
    <p class='ocr_par' dir='ltr' id='par_1_2' title="bbox 3 1608 5 2875">
     <span class='ocr_line' id='line_1_2' title="bbox 3 1608 5 2875; baseline 0 0"><span class='ocrx_word' id='word_1_2' title='bbox 3 1608 5 2875; x_wconf 95' lang='lat' dir='ltr'> </span> 
     </span>
    </p>
   </div>
   <div class='ocr_carea' id='block_1_3' title="bbox 3 1608 5 2875">
    <p class='ocr_par' dir='ltr' id='par_1_3' title="bbox 3 1608 5 2875">
     <span class='ocr_line' id='line_1_3' title="bbox 3 1608 5 2875; baseline 0 0"><span class='ocrx_word' id='word_1_3' title='bbox 3 1608 5 2875; x_wconf 95' lang='lat' dir='ltr'> </span> 
     </span>
    </p>
   </div>
   <div class='ocr_carea' id='block_1_4' title="bbox 3 1608 5 2875">
    <p class='ocr_par' dir='ltr' id='par_1_4' title="bbox 3 1608 5 2875">
     <span class='ocr_line' id='line_1_4' title="bbox 3 1608 5 2875; baseline 0 0"><span class='ocrx_word' id='word_1_4' title='bbox 3 1608 5 2875; x_wconf 95' lang='lat' dir='ltr'> </span> 
     </span>
    </p>
   </div>
   <div class='ocr_carea' id='block_1_5' title="bbox 3 1608 5 2875">
    <p class='ocr_par' dir='ltr' id='par_1_5' title="bbox 3 1608 5 2875">
     <span class='ocr_line' id='line_1_5' title="bbox 3 1608 5 2875; baseline 0 0"><span class='ocrx_word' id='word_1_5' title='bbox 3 1608 5 2875; x_wconf 95' lang='lat' dir='ltr'> </span> 
     </span>
    </p>
   </div>
   <div class='ocr_carea' id='block_1_6' title="bbox 3 1608 5 2875">
    <p class='ocr_par' dir='ltr' id='par_1_6' title="bbox 3 1608 5 2875">
     <span class='ocr_line' id='line_1_6' title="bbox 3 1608 5 2875; baseline 0 0"><span class='ocrx_word' id='word_1_6' title='bbox 3 1608 5 2875; x_wconf 95' lang='lat' dir='ltr'> </span> 
     </span>
    </p>
   </div>
   <div class='ocr_carea' id='block_1_7' title="bbox 533 162 1476 231">
    <p class='ocr_par' dir='ltr' id='par_1_7' title="bbox 533 162 1476 231">
     <span class='ocr_line' id='line_1_7' title="bbox 533 162 1476 231; baseline 0.003 -22"><span class='ocrx_word' id='word_1_7' title='bbox 533 162 1130 211; x_wconf 77' lang='lat' dir='ltr'>EPISTOLAE‚</span> <span class='ocrx_word' id='word_1_8' title='bbox 1417 184 1476 231; x_wconf 59' lang='lat'>97</span> 
     </span>
    </p>
   </div>
   <div class='ocr_carea' id='block_1_8' title="bbox 176 275 1528 2450">
    <p class='ocr_par' dir='ltr' id='par_1_8' title="bbox 176 275 1528 2450">
     <span class='ocr_line' id='line_1_8' title="bbox 197 275 1480 349; baseline 0.005 -22"><span class='ocrx_word' id='word_1_9' title='bbox 197 281 262 328; x_wconf 79' lang='lat' dir='ltr'>his</span> <span class='ocrx_word' id='word_1_10' title='bbox 294 275 485 332; x_wconf 80' lang='lat' dir='ltr'>animum</span> <span class='ocrx_word' id='word_1_11' title='bbox 519 281 621 328; x_wconf 86' lang='lat' dir='ltr'>dare</span> <span class='ocrx_word' id='word_1_12' title='bbox 645 298 656 327; x_wconf 73' lang='grc' dir='ltr'><em>τ</em></span> <span class='ocrx_word' id='word_1_13' title='bbox 682 282 759 344; x_wconf 84' lang='lat' dir='ltr'>qui</span> <span class='ocrx_word' id='word_1_14' title='bbox 792 282 1036 345; x_wconf 74' lang='lat' dir='ltr'>deposcunt</span> <span class='ocrx_word' id='word_1_15' title='bbox 1065 293 1285 339; x_wconf 79' lang='lat' dir='ltr'>mortem,</span> <span class='ocrx_word' id='word_1_16' title='bbox 1318 301 1372 331; x_wconf 91' lang='lat' dir='ltr'>an</span> <span class='ocrx_word' id='word_1_17' title='bbox 1401 286 1480 349; x_wconf 84' lang='lat' dir='ltr'>qui</span> 
     </span>
     <span class='ocr_line' id='line_1_9' title="bbox 198 355 1479 419; baseline 0.002 -19"><span class='ocrx_word' id='word_1_18' title='bbox 198 356 352 401; x_wconf 76' lang='lat' dir='ltr'>hilares</span> <span class='ocrx_word' id='word_1_19' title='bbox 387 371 481 401; x_wconf 81' lang='lat' dir='ltr'>eam</span> <span class='ocrx_word' id='word_1_20' title='bbox 515 355 740 418; x_wconf 87' lang='lat' dir='ltr'>quietique</span> <span class='ocrx_word' id='word_1_21' title='bbox 771 355 1077 418; x_wconf 80' lang='lat' dir='ltr'>opperiuntur.</span> <span class='ocrx_word' id='word_1_22' title='bbox 1121 357 1333 419; x_wconf 82' lang='lat' dir='ltr'>quoniam</span> <span class='ocrx_word' id='word_1_23' title='bbox 1370 357 1479 403; x_wconf 80' lang='lat' dir='ltr'>illud</span> 
     </span>
     <span class='ocr_line' id='line_1_10' title="bbox 197 426 1477 491; baseline 0.002 -18"><span class='ocrx_word' id='word_1_24' title='bbox 197 445 250 473; x_wconf 80' lang='lat' dir='ltr'>ex</span> <span class='ocrx_word' id='word_1_25' title='bbox 277 428 396 474; x_wconf 81' lang='lat' dir='ltr'>rabie</span> <span class='ocrx_word' id='word_1_26' title='bbox 429 426 675 482; x_wconf 83' lang='lat' dir='ltr'>interdum,</span> <span class='ocrx_word' id='word_1_27' title='bbox 713 445 763 474; x_wconf 82' lang='lat' dir='ltr'>ac</span> <span class='ocrx_word' id='word_1_28' title='bbox 795 427 1019 489; x_wconf 81' lang='lat' dir='ltr'>repentina</span> <span class='ocrx_word' id='word_1_29' title='bbox 1053 428 1351 491; x_wconf 74' lang='lat' dir='ltr'>indignatione</span> <span class='ocrx_word' id='word_1_30' title='bbox 1384 427 1432 475; x_wconf 85' lang='lat' dir='ltr'>fit</span> <span class='ocrx_word' id='word_1_31' title='bbox 1461 447 1477 476; x_wconf 74' lang='grc' dir='ltr'><strong>ε</strong></span> 
     </span>
     <span class='ocr_line' id='line_1_11' title="bbox 197 498 1476 565; baseline 0.002 -19"><span class='ocrx_word' id='word_1_32' title='bbox 197 501 303 546; x_wconf 84' lang='lat' dir='ltr'>haec</span> <span class='ocrx_word' id='word_1_33' title='bbox 324 517 381 546; x_wconf 83' lang='lat' dir='ltr'>ex</span> <span class='ocrx_word' id='word_1_34' title='bbox 404 500 570 547; x_wconf 87' lang='lat' dir='ltr'>iudicio</span> <span class='ocrx_word' id='word_1_35' title='bbox 599 512 722 547; x_wconf 89' lang='lat' dir='ltr'>certo</span> <span class='ocrx_word' id='word_1_36' title='bbox 744 500 1030 563; x_wconf 80' lang='lat' dir='ltr'>tranquillitas</span> <span class='ocrx_word' id='word_1_37' title='bbox 1057 498 1132 548; x_wconf 81' lang='lat' dir='ltr'>est.</span> <span class='ocrx_word' id='word_1_38' title='bbox 1163 501 1297 548; x_wconf 85' lang='lat' dir='ltr'>Venit</span> <span class='ocrx_word' id='word_1_39' title='bbox 1320 501 1476 565; x_wconf 82' lang='lat' dir='ltr'>aliquis</span> 
     </span>
     <span class='ocr_line' id='line_1_12' title="bbox 196 571 1528 621; baseline 0.002 -4"><span class='ocrx_word' id='word_1_40' title='bbox 196 572 251 617; x_wconf 84' lang='lat' dir='ltr'>ad</span> <span class='ocrx_word' id='word_1_41' title='bbox 283 584 469 618; x_wconf 87' lang='lat' dir='ltr'>mortem</span> <span class='ocrx_word' id='word_1_42' title='bbox 500 571 630 617; x_wconf 83' lang='lat' dir='ltr'>iratus</span> <span class='ocrx_word' id='word_1_43' title='bbox 661 571 792 617; x_wconf 87' lang='lat' dir='ltr'>morti</span> <span class='ocrx_word' id='word_1_44' title='bbox 821 590 831 617; x_wconf 71' lang='grc' dir='ltr'><strong><em>ς</em></strong></span> <span class='ocrx_word' id='word_1_45' title='bbox 865 571 1118 619; x_wconf 73' lang='lat' dir='ltr'>venientem</span> <span class='ocrx_word' id='word_1_46' title='bbox 1162 589 1293 619; x_wconf 84' lang='lat' dir='ltr'>nemo</span> <span class='ocrx_word' id='word_1_47' title='bbox 1330 573 1480 621; x_wconf 82' lang='lat' dir='ltr'>hilaris</span> <span class='ocrx_word' id='word_1_48' title='bbox 1523 605 1528 608; x_wconf 97' lang='lat'>-</span> 
     </span>
     <span class='ocr_line' id='line_1_13' title="bbox 196 642 1480 708; baseline 0.002 -18"><span class='ocrx_word' id='word_1_49' title='bbox 196 643 388 705; x_wconf 78' lang='lat' dir='ltr'>excipit,</span> <span class='ocrx_word' id='word_1_50' title='bbox 420 643 499 690; x_wconf 79' lang='lat' dir='ltr'>nisi</span> <span class='ocrx_word' id='word_1_51' title='bbox 525 642 601 706; x_wconf 86' lang='lat' dir='ltr'>qui</span> <span class='ocrx_word' id='word_1_52' title='bbox 635 644 677 691; x_wconf 92' lang='lat' dir='ltr'>se</span> <span class='ocrx_word' id='word_1_53' title='bbox 710 646 762 690; x_wconf 91' lang='lat' dir='ltr'>ad</span> <span class='ocrx_word' id='word_1_54' title='bbox 790 644 906 690; x_wconf 86' lang='lat' dir='ltr'>illam</span> <span class='ocrx_word' id='word_1_55' title='bbox 939 645 1013 691; x_wconf 86' lang='lat' dir='ltr'>diu</span> <span class='ocrx_word' id='word_1_56' title='bbox 1037 645 1358 708; x_wconf 83' lang='lat' dir='ltr'>composuerat.</span> <span class='ocrx_word' id='word_1_57' title='bbox 1399 648 1480 692; x_wconf 83' lang='lat' dir='ltr'>Fa-</span> 
     </span>
     <span class='ocr_line' id='line_1_14' title="bbox 196 714 1481 779; baseline 0.004 -19"><span class='ocrx_word' id='word_1_58' title='bbox 196 724 295 760; x_wconf 86' lang='lat' dir='ltr'>teor</span> <span class='ocrx_word' id='word_1_59' title='bbox 322 731 455 778; x_wconf 84' lang='lat' dir='ltr'>ergo,</span> <span class='ocrx_word' id='word_1_60' title='bbox 486 716 540 761; x_wconf 86' lang='lat' dir='ltr'>ad</span> <span class='ocrx_word' id='word_1_61' title='bbox 573 714 800 761; x_wconf 85' lang='lat' dir='ltr'>hominem</span> <span class='ocrx_word' id='word_1_62' title='bbox 831 715 938 761; x_wconf 78' lang='lat' dir='ltr'>mihi</span> <span class='ocrx_word' id='word_1_63' title='bbox 976 731 1159 773; x_wconf 81' lang='lat' dir='ltr'>carum,</span> <span class='ocrx_word' id='word_1_64' title='bbox 1193 733 1247 763; x_wconf 79' lang='lat' dir='ltr'>ex</span> <span class='ocrx_word' id='word_1_65' title='bbox 1284 716 1481 779; x_wconf 80' lang='lat' dir='ltr'>pluribus</span> 
     </span>
     <span class='ocr_line' id='line_1_15' title="bbox 197 786 1482 849; baseline 0.004 -18"><span class='ocrx_word' id='word_1_66' title='bbox 197 803 268 831; x_wconf 89' lang='lat' dir='ltr'>me</span> <span class='ocrx_word' id='word_1_67' title='bbox 298 787 433 833; x_wconf 85' lang='lat' dir='ltr'>caufis</span> <span class='ocrx_word' id='word_1_68' title='bbox 456 786 725 849; x_wconf 80' lang='lat' dir='ltr'>frequentius</span> <span class='ocrx_word' id='word_1_69' title='bbox 752 786 940 841; x_wconf 71' lang='lat' dir='ltr'>venisse,</span> <span class='ocrx_word' id='word_1_70' title='bbox 962 805 1007 832; x_wconf 69' lang='lat' dir='ltr'>ur</span> <span class='ocrx_word' id='word_1_71' title='bbox 1026 787 1176 833; x_wconf 83' lang='lat' dir='ltr'>scirem</span> <span class='ocrx_word' id='word_1_72' title='bbox 1203 805 1256 833; x_wconf 89' lang='lat' dir='ltr'>an</span> <span class='ocrx_word' id='word_1_73' title='bbox 1274 788 1391 834; x_wconf 86' lang='lat' dir='ltr'>illum</span> <span class='ocrx_word' id='word_1_74' title='bbox 1412 803 1482 836; x_wconf 86' lang='lat' dir='ltr'>to-</span> 
     </span>
     <span class='ocr_line' id='line_1_16' title="bbox 201 856 1480 920; baseline 0.002 -17"><span class='ocrx_word' id='word_1_75' title='bbox 201 856 280 903; x_wconf 82' lang='lat' dir='ltr'>ties</span> <span class='ocrx_word' id='word_1_76' title='bbox 309 858 498 903; x_wconf 80' lang='lat' dir='ltr'>eundem</span> <span class='ocrx_word' id='word_1_77' title='bbox 521 857 768 904; x_wconf 74' lang='lat' dir='ltr'>invenirem</span> <span class='ocrx_word' id='word_1_78' title='bbox 791 875 801 903; x_wconf 90' lang='lat'>:</span> <span class='ocrx_word' id='word_1_79' title='bbox 827 857 1037 920; x_wconf 84' lang='lat' dir='ltr'>numquid</span> <span class='ocrx_word' id='word_1_80' title='bbox 1059 875 1156 905; x_wconf 85' lang='lat' dir='ltr'>curn</span> <span class='ocrx_word' id='word_1_81' title='bbox 1178 859 1380 919; x_wconf 80' lang='lat' dir='ltr'>corporis</span> <span class='ocrx_word' id='word_1_82' title='bbox 1411 860 1480 906; x_wconf 87' lang='lat' dir='ltr'>vi-</span> 
     </span>
     <span class='ocr_line' id='line_1_17' title="bbox 197 927 1482 993; baseline 0.003 -19"><span class='ocrx_word' id='word_1_83' title='bbox 197 929 315 976; x_wconf 81' lang='lat' dir='ltr'>ribus</span> <span class='ocrx_word' id='word_1_84' title='bbox 339 931 608 977; x_wconf 80' lang='lat' dir='ltr'>minueretur</span> <span class='ocrx_word' id='word_1_85' title='bbox 630 929 762 976; x_wconf 84' lang='lat' dir='ltr'>animi</span> <span class='ocrx_word' id='word_1_86' title='bbox 787 927 929 993; x_wconf 70' lang='lat' dir='ltr'>vigor,</span> <span class='ocrx_word' id='word_1_87' title='bbox 971 930 1046 992; x_wconf 84' lang='lat' dir='ltr'>qui</span> <span class='ocrx_word' id='word_1_88' title='bbox 1071 931 1127 976; x_wconf 81' lang='lat' dir='ltr'>fic</span> <span class='ocrx_word' id='word_1_89' title='bbox 1150 931 1367 978; x_wconf 80' lang='lat' dir='ltr'>crescebat</span> <span class='ocrx_word' id='word_1_90' title='bbox 1391 932 1482 991; x_wconf 74' lang='lat' dir='ltr'>issi,</span> 
     </span>
     <span class='ocr_line' id='line_1_18' title="bbox 200 1001 1481 1066; baseline 0.002 -18"><span class='ocrx_word' id='word_1_91' title='bbox 200 1005 435 1065; x_wconf 86' lang='lat' dir='ltr'>quomodo</span> <span class='ocrx_word' id='word_1_92' title='bbox 453 1003 721 1049; x_wconf 76' lang='lat' dir='ltr'>manifestior</span> <span class='ocrx_word' id='word_1_93' title='bbox 740 1004 882 1049; x_wconf 84' lang='lat' dir='ltr'>notari</span> <span class='ocrx_word' id='word_1_94' title='bbox 898 1001 1005 1049; x_wconf 87' lang='lat' dir='ltr'>solet</span> <span class='ocrx_word' id='word_1_95' title='bbox 1024 1002 1284 1066; x_wconf 74' lang='lat' dir='ltr'>agitatorum</span> <span class='ocrx_word' id='word_1_96' title='bbox 1301 1003 1481 1063; x_wconf 82' lang='lat' dir='ltr'>laetitia,</span> 
     </span>
     <span class='ocr_line' id='line_1_19' title="bbox 199 1074 1480 1139; baseline 0.003 -17"><span class='ocrx_word' id='word_1_97' title='bbox 199 1093 298 1123; x_wconf 87' lang='lat' dir='ltr'>cum</span> <span class='ocrx_word' id='word_1_98' title='bbox 331 1075 526 1138; x_wconf 47' lang='lat' dir='ltr'>septimo·</span> <span class='ocrx_word' id='word_1_99' title='bbox 539 1074 676 1137; x_wconf 84' lang='lat' dir='ltr'>spatio</span> <span class='ocrx_word' id='word_1_100' title='bbox 703 1074 869 1136; x_wconf 83' lang='lat' dir='ltr'>palmae</span> <span class='ocrx_word' id='word_1_101' title='bbox 899 1076 1266 1139; x_wconf 72' lang='lat' dir='ltr'>appropinquant.</span> <span class='ocrx_word' id='word_1_102' title='bbox 1290 1077 1480 1126; x_wconf 79' lang='lat' dir='ltr'>Dicebat</span> 
     </span>
     <span class='ocr_line' id='line_1_20' title="bbox 199 1148 1477 1215; baseline 0.003 -19"><span class='ocrx_word' id='word_1_103' title='bbox 199 1149 374 1213; x_wconf 82' lang='lat' dir='ltr'>quidem</span> <span class='ocrx_word' id='word_1_104' title='bbox 403 1149 475 1195; x_wconf 91' lang='lat' dir='ltr'>ille</span> <span class='ocrx_word' id='word_1_105' title='bbox 505 1148 679 1210; x_wconf 83' lang='lat' dir='ltr'>Epicuri</span> <span class='ocrx_word' id='word_1_106' title='bbox 706 1149 947 1212; x_wconf 74' lang='lat' dir='ltr'>praeceptis</span> <span class='ocrx_word' id='word_1_107' title='bbox 981 1150 1251 1212; x_wconf 71' lang='lat' dir='ltr'>obsequens,</span> <span class='ocrx_word' id='word_1_108' title='bbox 1286 1153 1477 1215; x_wconf 78' lang='lat' dir='ltr'>primum</span> 
     </span>
     <span class='ocr_line' id='line_1_21' title="bbox 199 1220 1480 1284; baseline 0.003 -16"><span class='ocrx_word' id='word_1_109' title='bbox 199 1223 368 1284; x_wconf 85' lang='lat' dir='ltr'>sperare</span> <span class='ocrx_word' id='word_1_110' title='bbox 388 1220 451 1279; x_wconf 86' lang='lat' dir='ltr'>se,</span> <span class='ocrx_word' id='word_1_111' title='bbox 482 1220 644 1266; x_wconf 84' lang='lat' dir='ltr'>nullum</span> <span class='ocrx_word' id='word_1_112' title='bbox 667 1220 872 1266; x_wconf 86' lang='lat' dir='ltr'>dolorem</span> <span class='ocrx_word' id='word_1_113' title='bbox 898 1220 983 1266; x_wconf 81' lang='lat' dir='ltr'>effe</span> <span class='ocrx_word' id='word_1_114' title='bbox 1008 1222 1050 1265; x_wconf 88' lang='lat' dir='ltr'>in</span> <span class='ocrx_word' id='word_1_115' title='bbox 1079 1221 1157 1268; x_wconf 85' lang='lat' dir='ltr'>illo</span> <span class='ocrx_word' id='word_1_116' title='bbox 1180 1237 1382 1271; x_wconf 82' lang='lat' dir='ltr'>extremo</span> <span class='ocrx_word' id='word_1_117' title='bbox 1400 1243 1480 1272; x_wconf 52' lang='lat' dir='ltr'>ano</span> 
     </span>
     <span class='ocr_line' id='line_1_22' title="bbox 199 1291 1480 1362; baseline 0.005 -21"><span class='ocrx_word' id='word_1_118' title='bbox 199 1294 334 1341; x_wconf 82' lang='lat' dir='ltr'>helim</span> <span class='ocrx_word' id='word_1_119' title='bbox 359 1311 370 1340; x_wconf 75' lang='lat' dir='ltr'>t</span> <span class='ocrx_word' id='word_1_120' title='bbox 398 1293 428 1339; x_wconf 84' lang='lat' dir='ltr'>fi</span> <span class='ocrx_word' id='word_1_121' title='bbox 453 1305 598 1339; x_wconf 86' lang='lat' dir='ltr'>tamen</span> <span class='ocrx_word' id='word_1_122' title='bbox 635 1292 760 1349; x_wconf 75' lang='lat' dir='ltr'>effe-t,</span> <span class='ocrx_word' id='word_1_123' title='bbox 790 1291 949 1338; x_wconf 69' lang='lat' dir='ltr'>habere</span> <span class='ocrx_word' id='word_1_124' title='bbox 976 1293 1288 1356; x_wconf 78' lang='lat' dir='ltr'>aliquantulum</span> <span class='ocrx_word' id='word_1_125' title='bbox 1317 1299 1362 1344; x_wconf 83' lang='lat' dir='ltr'>in</span> <span class='ocrx_word' id='word_1_126' title='bbox 1388 1300 1480 1362; x_wconf 83' lang='lat' dir='ltr'>ipsa</span> 
     </span>
     <span class='ocr_line' id='line_1_23' title="bbox 200 1363 1479 1431; baseline 0.005 -19"><span class='ocrx_word' id='word_1_127' title='bbox 200 1365 413 1412; x_wconf 84' lang='lat' dir='ltr'>brevitate</span> <span class='ocrx_word' id='word_1_128' title='bbox 431 1364 581 1411; x_wconf 87' lang='lat' dir='ltr'>solatii.</span> <span class='ocrx_word' id='word_1_129' title='bbox 598 1363 776 1408; x_wconf 85' lang='lat' dir='ltr'>Nullum</span> <span class='ocrx_word' id='word_1_130' title='bbox 798 1363 912 1408; x_wconf 86' lang='lat' dir='ltr'>enim</span> <span class='ocrx_word' id='word_1_131' title='bbox 942 1364 1144 1411; x_wconf 82' lang='lat' dir='ltr'>dolorem</span> <span class='ocrx_word' id='word_1_132' title='bbox 1164 1366 1348 1431; x_wconf 87' lang='lat' dir='ltr'>longum</span> <span class='ocrx_word' id='word_1_133' title='bbox 1369 1371 1479 1431; x_wconf 76' lang='lat' dir='ltr'>effe,</span> 
     </span>
     <span class='ocr_line' id='line_1_24' title="bbox 200 1434 1478 1501; baseline 0.005 -18"><span class='ocrx_word' id='word_1_134' title='bbox 200 1439 273 1501; x_wconf 88' lang='lat' dir='ltr'>qui</span> <span class='ocrx_word' id='word_1_135' title='bbox 300 1453 482 1499; x_wconf 84' lang='lat' dir='ltr'>magnus</span> <span class='ocrx_word' id='word_1_136' title='bbox 500 1434 573 1480; x_wconf 87' lang='lat' dir='ltr'>est.</span> <span class='ocrx_word' id='word_1_137' title='bbox 603 1435 811 1480; x_wconf 85' lang='lat' dir='ltr'>Ceterum</span> <span class='ocrx_word' id='word_1_138' title='bbox 844 1435 1142 1482; x_wconf 68' lang='lat' dir='ltr'>succursurum</span> <span class='ocrx_word' id='word_1_139' title='bbox 1174 1437 1250 1484; x_wconf 78' lang='lat' dir='ltr'>sibi</span> <span class='ocrx_word' id='word_1_140' title='bbox 1276 1440 1403 1486; x_wconf 83' lang='lat' dir='ltr'>etiam</span> <span class='ocrx_word' id='word_1_141' title='bbox 1433 1442 1478 1489; x_wconf 77' lang='lat' dir='ltr'>in</span> 
     </span>
     <span class='ocr_line' id='line_1_25' title="bbox 199 1508 1477 1575; baseline 0.004 -17"><span class='ocrx_word' id='word_1_142' title='bbox 199 1512 289 1575; x_wconf 86' lang='lat' dir='ltr'>ipsa</span> <span class='ocrx_word' id='word_1_143' title='bbox 309 1509 584 1558; x_wconf 69' lang='lat' dir='ltr'>distraffione</span> <span class='ocrx_word' id='word_1_144' title='bbox 602 1508 768 1554; x_wconf 84' lang='lat' dir='ltr'>animae</span> <span class='ocrx_word' id='word_1_145' title='bbox 787 1509 1098 1572; x_wconf 79' lang='lat' dir='ltr'>corporisque,</span> <span class='ocrx_word' id='word_1_146' title='bbox 1119 1510 1149 1555; x_wconf 87' lang='lat' dir='ltr'><strong>fi</strong></span> <span class='ocrx_word' id='word_1_147' title='bbox 1168 1528 1265 1558; x_wconf 88' lang='lat' dir='ltr'>cum</span> <span class='ocrx_word' id='word_1_148' title='bbox 1284 1515 1477 1564; x_wconf 72' lang='lat' dir='ltr'>cruciatu</span> 
     </span>
     <span class='ocr_line' id='line_1_26' title="bbox 198 1581 1476 1649; baseline 0.002 -19"><span class='ocrx_word' id='word_1_149' title='bbox 198 1584 244 1630; x_wconf 86' lang='lat' dir='ltr'>id</span> <span class='ocrx_word' id='word_1_150' title='bbox 276 1582 398 1630; x_wconf 87' lang='lat' dir='ltr'>fieret</span> <span class='ocrx_word' id='word_1_151' title='bbox 417 1617 430 1640; x_wconf 89' lang='lat'><strong>‚</strong></span> <span class='ocrx_word' id='word_1_152' title='bbox 458 1582 556 1644; x_wconf 82' lang='lat' dir='ltr'>post</span> <span class='ocrx_word' id='word_1_153' title='bbox 587 1581 709 1626; x_wconf 83' lang='lat' dir='ltr'>illum</span> <span class='ocrx_word' id='word_1_154' title='bbox 742 1581 942 1626; x_wconf 88' lang='lat' dir='ltr'>dolorem</span> <span class='ocrx_word' id='word_1_155' title='bbox 971 1581 1012 1627; x_wconf 89' lang='lat' dir='ltr'>se</span> <span class='ocrx_word' id='word_1_156' title='bbox 1034 1581 1181 1629; x_wconf 78' lang='lat' dir='ltr'>dolere</span> <span class='ocrx_word' id='word_1_157' title='bbox 1213 1602 1306 1631; x_wconf 91' lang='lat' dir='ltr'>non</span> <span class='ocrx_word' id='word_1_158' title='bbox 1337 1589 1476 1649; x_wconf 79' lang='lat' dir='ltr'>poss&#39;e.</span> 
     </span>
     <span class='ocr_line' id='line_1_27' title="bbox 199 1652 1477 1723; baseline 0.001 -20"><span class='ocrx_word' id='word_1_159' title='bbox 199 1658 304 1703; x_wconf 91' lang='lat' dir='ltr'>Non</span> <span class='ocrx_word' id='word_1_160' title='bbox 325 1656 523 1702; x_wconf 87' lang='lat' dir='ltr'>dubitare</span> <span class='ocrx_word' id='word_1_161' title='bbox 542 1666 683 1700; x_wconf 88' lang='lat' dir='ltr'>autem</span> <span class='ocrx_word' id='word_1_162' title='bbox 701 1652 767 1710; x_wconf 88' lang='lat' dir='ltr'>se,</span> <span class='ocrx_word' id='word_1_163' title='bbox 795 1653 900 1715; x_wconf 84' lang='lat' dir='ltr'>quin</span> <span class='ocrx_word' id='word_1_164' title='bbox 920 1652 1061 1701; x_wconf 85' lang='lat' dir='ltr'>senilis</span> <span class='ocrx_word' id='word_1_165' title='bbox 1080 1655 1221 1706; x_wconf 84' lang='lat' dir='ltr'>anima</span> <span class='ocrx_word' id='word_1_166' title='bbox 1251 1658 1295 1704; x_wconf 88' lang='lat' dir='ltr'>in</span> <span class='ocrx_word' id='word_1_167' title='bbox 1323 1662 1477 1723; x_wconf 70' lang='lat' dir='ltr'>primis</span> 
     </span>
     <span class='ocr_line' id='line_1_28' title="bbox 199 1724 1477 1796; baseline 0.005 -21"><span class='ocrx_word' id='word_1_168' title='bbox 199 1729 328 1776; x_wconf 84' lang='lat' dir='ltr'>labris</span> <span class='ocrx_word' id='word_1_169' title='bbox 340 1728 406 1774; x_wconf 80' lang='lat' dir='ltr'>eff</span> <span class='ocrx_word' id='word_1_170' title='bbox 402 1740 458 1784; x_wconf 90' lang='lat' dir='ltr'>et,</span> <span class='ocrx_word' id='word_1_171' title='bbox 471 1742 549 1772; x_wconf 88' lang='lat' dir='ltr'>nec</span> <span class='ocrx_word' id='word_1_172' title='bbox 566 1742 719 1789; x_wconf 83' lang='lat' dir='ltr'>magna</span> <span class='ocrx_word' id='word_1_173' title='bbox 731 1725 776 1772; x_wconf 85' lang='lat' dir='ltr'>vi</span> <span class='ocrx_word' id='word_1_174' title='bbox 790 1724 1096 1773; x_wconf 77' lang='lat' dir='ltr'>distraheretur</span> <span class='ocrx_word' id='word_1_175' title='bbox 1107 1744 1129 1773; x_wconf 88' lang='lat' dir='ltr'>a</span> <span class='ocrx_word' id='word_1_176' title='bbox 1144 1745 1349 1794; x_wconf 83' lang='lat' dir='ltr'>corpore.</span> <span class='ocrx_word' id='word_1_177' title='bbox 1364 1736 1477 1796; x_wconf 77' lang='lat' dir='ltr'>Ignis</span> 
     </span>
     <span class='ocr_line' id='line_1_29' title="bbox 198 1797 1477 1865; baseline 0.005 -18"><span class='ocrx_word' id='word_1_178' title='bbox 198 1801 275 1865; x_wconf 88' lang='lat' dir='ltr'>qui</span> <span class='ocrx_word' id='word_1_179' title='bbox 293 1800 511 1847; x_wconf 86' lang='lat' dir='ltr'>valentem</span> <span class='ocrx_word' id='word_1_180' title='bbox 530 1798 752 1845; x_wconf 81' lang='lat' dir='ltr'>materiam</span> <span class='ocrx_word' id='word_1_181' title='bbox 770 1797 1028 1860; x_wconf 86' lang='lat' dir='ltr'>occupavit,</span> <span class='ocrx_word' id='word_1_182' title='bbox 1045 1815 1180 1861; x_wconf 86' lang='lat' dir='ltr'>aqua,</span> <span class='ocrx_word' id='word_1_183' title='bbox 1198 1813 1241 1848; x_wconf 88' lang='lat' dir='ltr'>et</span> <span class='ocrx_word' id='word_1_184' title='bbox 1257 1802 1477 1854; x_wconf 86' lang='lat' dir='ltr'>interdum</span> 
     </span>
     <span class='ocr_line' id='line_1_30' title="bbox 197 1871 1473 1941; baseline 0.005 -20"><span class='ocrx_word' id='word_1_185' title='bbox 197 1874 323 1921; x_wconf 82' lang='lat' dir='ltr'>ruina</span> <span class='ocrx_word' id='word_1_186' title='bbox 350 1871 680 1936; x_wconf 83' lang='lat' dir='ltr'>exstinguendus</span> <span class='ocrx_word' id='word_1_187' title='bbox 702 1872 762 1917; x_wconf 90' lang='lat' dir='ltr'>est</span> <span class='ocrx_word' id='word_1_188' title='bbox 792 1887 802 1916; x_wconf 73' lang='grc' dir='ltr'><strong><em>τ</em></strong></span> <span class='ocrx_word' id='word_1_189' title='bbox 823 1872 891 1917; x_wconf 75' lang='lat' dir='ltr'>ille</span> <span class='ocrx_word' id='word_1_190' title='bbox 913 1872 989 1935; x_wconf 87' lang='lat' dir='ltr'>qui</span> <span class='ocrx_word' id='word_1_191' title='bbox 1010 1873 1224 1922; x_wconf 80' lang='lat' dir='ltr'>alimentis</span> <span class='ocrx_word' id='word_1_192' title='bbox 1251 1877 1473 1941; x_wconf 83' lang='lat' dir='ltr'>deficitur,</span> 
     </span>
     <span class='ocr_line' id='line_1_31' title="bbox 199 1941 1477 2012; baseline 0.005 -21"><span class='ocrx_word' id='word_1_193' title='bbox 199 1944 275 1991; x_wconf 86' lang='lat' dir='ltr'>sua</span> <span class='ocrx_word' id='word_1_194' title='bbox 292 1944 446 2006; x_wconf 87' lang='lat' dir='ltr'>sponte</span> <span class='ocrx_word' id='word_1_195' title='bbox 467 1942 657 1989; x_wconf 83' lang='lat' dir='ltr'>subfidit.</span> <span class='ocrx_word' id='word_1_196' title='bbox 686 1942 889 1988; x_wconf 80' lang='lat' dir='ltr'>Libenter</span> <span class='ocrx_word' id='word_1_197' title='bbox 908 1941 1014 1989; x_wconf 79' lang='lat' dir='ltr'>haec</span> <span class='ocrx_word' id='word_1_198' title='bbox 1028 1978 1041 2000; x_wconf 92' lang='lat'>‚</span> <span class='ocrx_word' id='word_1_199' title='bbox 1062 1943 1123 1989; x_wconf 85' lang='lat' dir='ltr'>mi</span> <span class='ocrx_word' id='word_1_200' title='bbox 1140 1946 1300 2007; x_wconf 87' lang='lat' dir='ltr'>Lucili,</span> <span class='ocrx_word' id='word_1_201' title='bbox 1317 1951 1477 2012; x_wconf 80' lang='lat' dir='ltr'>audio,</span> 
     </span>
     <span class='ocr_line' id='line_1_32' title="bbox 199 2015 1476 2082; baseline 0.002 -19"><span class='ocrx_word' id='word_1_202' title='bbox 199 2033 290 2063; x_wconf 87' lang='lat' dir='ltr'>non</span> <span class='ocrx_word' id='word_1_203' title='bbox 309 2028 514 2078; x_wconf 87' lang='lat' dir='ltr'>tanquam</span> <span class='ocrx_word' id='word_1_204' title='bbox 537 2032 680 2070; x_wconf 87' lang='lat' dir='ltr'>nova,</span> <span class='ocrx_word' id='word_1_205' title='bbox 708 2015 778 2061; x_wconf 91' lang='lat' dir='ltr'>sed</span> <span class='ocrx_word' id='word_1_206' title='bbox 798 2028 1001 2078; x_wconf 83' lang='lat' dir='ltr'>tanquam</span> <span class='ocrx_word' id='word_1_207' title='bbox 1024 2016 1069 2061; x_wconf 90' lang='lat' dir='ltr'>in</span> <span class='ocrx_word' id='word_1_208' title='bbox 1092 2033 1180 2063; x_wconf 88' lang='lat' dir='ltr'>rem</span> <span class='ocrx_word' id='word_1_209' title='bbox 1209 2022 1476 2082; x_wconf 80' lang='lat' dir='ltr'>praesentem</span> 
     </span>
     <span class='ocr_line' id='line_1_33' title="bbox 199 2087 1478 2153; baseline 0.006 -17"><span class='ocrx_word' id='word_1_210' title='bbox 199 2090 448 2153; x_wconf 61' lang='lat' dir='ltr'>perduiffls.</span> <span class='ocrx_word' id='word_1_211' title='bbox 474 2088 597 2149; x_wconf 84' lang='lat' dir='ltr'>Quid</span> <span class='ocrx_word' id='word_1_212' title='bbox 609 2087 750 2153; x_wconf 81' lang='lat' dir='ltr'>ergo?</span> <span class='ocrx_word' id='word_1_213' title='bbox 785 2105 875 2134; x_wconf 90' lang='lat' dir='ltr'>non</span> <span class='ocrx_word' id='word_1_214' title='bbox 895 2090 1056 2135; x_wconf 89' lang='lat' dir='ltr'>multos</span> <span class='ocrx_word' id='word_1_215' title='bbox 1076 2090 1265 2153; x_wconf 57' lang='lat' dir='ltr'>speftavi</span> <span class='ocrx_word' id='word_1_216' title='bbox 1295 2095 1478 2144; x_wconf 85' lang='lat' dir='ltr'>abrum-</span> 
     </span>
     <span class='ocr_line' id='line_1_34' title="bbox 199 2161 1477 2232; baseline 0.008 -24"><span class='ocrx_word' id='word_1_217' title='bbox 199 2177 350 2225; x_wconf 85' lang='lat' dir='ltr'>pentes</span> <span class='ocrx_word' id='word_1_218' title='bbox 368 2161 629 2225; x_wconf 84' lang='lat' dir='ltr'>vitam?ego</span> <span class='ocrx_word' id='word_1_219' title='bbox 650 2178 759 2209; x_wconf 88' lang='lat' dir='ltr'>vero</span> <span class='ocrx_word' id='word_1_220' title='bbox 779 2161 870 2208; x_wconf 88' lang='lat' dir='ltr'>vidi</span> <span class='ocrx_word' id='word_1_221' title='bbox 892 2179 902 2208; x_wconf 86' lang='lat'>:</span> <span class='ocrx_word' id='word_1_222' title='bbox 924 2163 994 2208; x_wconf 82' lang='lat' dir='ltr'>sed</span> <span class='ocrx_word' id='word_1_223' title='bbox 1013 2163 1106 2225; x_wconf 85' lang='lat' dir='ltr'>plus</span> <span class='ocrx_word' id='word_1_224' title='bbox 1128 2170 1343 2215; x_wconf 87' lang='lat' dir='ltr'>momenti</span> <span class='ocrx_word' id='word_1_225' title='bbox 1361 2173 1477 2232; x_wconf 85' lang='lat' dir='ltr'>apud</span> 
     </span>
     <span class='ocr_line' id='line_1_35' title="bbox 200 2235 1477 2305; baseline 0.008 -23"><span class='ocrx_word' id='word_1_226' title='bbox 200 2252 272 2282; x_wconf 81' lang='lat' dir='ltr'>me</span> <span class='ocrx_word' id='word_1_227' title='bbox 298 2235 456 2281; x_wconf 89' lang='lat' dir='ltr'>habent</span> <span class='ocrx_word' id='word_1_228' title='bbox 470 2271 483 2292; x_wconf 93' lang='lat'>‚</span> <span class='ocrx_word' id='word_1_229' title='bbox 502 2235 577 2297; x_wconf 86' lang='lat' dir='ltr'>qui</span> <span class='ocrx_word' id='word_1_230' title='bbox 596 2235 650 2281; x_wconf 87' lang='lat' dir='ltr'>ad</span> <span class='ocrx_word' id='word_1_231' title='bbox 669 2248 856 2281; x_wconf 87' lang='lat' dir='ltr'>mortem</span> <span class='ocrx_word' id='word_1_232' title='bbox 880 2236 1062 2283; x_wconf 84' lang='lat' dir='ltr'>veniunt</span> <span class='ocrx_word' id='word_1_233' title='bbox 1088 2235 1174 2284; x_wconf 81' lang='lat' dir='ltr'>fine</span> <span class='ocrx_word' id='word_1_234' title='bbox 1194 2241 1304 2287; x_wconf 90' lang='lat' dir='ltr'>odio</span> <span class='ocrx_word' id='word_1_235' title='bbox 1333 2243 1446 2292; x_wconf 89' lang='lat' dir='ltr'>vitae</span> <span class='ocrx_word' id='word_1_236' title='bbox 1462 2281 1477 2305; x_wconf 79' lang='lat'><strong>,</strong></span> 
     </span>
     <span class='ocr_line' id='line_1_36' title="bbox 200 2308 1479 2376; baseline 0.008 -20"><span class='ocrx_word' id='word_1_237' title='bbox 200 2323 245 2356; x_wconf 89' lang='lat' dir='ltr'>et</span> <span class='ocrx_word' id='word_1_238' title='bbox 271 2309 504 2355; x_wconf 82' lang='lat' dir='ltr'>admittunt</span> <span class='ocrx_word' id='word_1_239' title='bbox 521 2308 635 2355; x_wconf 87' lang='lat' dir='ltr'>illam</span> <span class='ocrx_word' id='word_1_240' title='bbox 652 2343 666 2363; x_wconf 81' lang='lat'><strong>‚</strong></span> <span class='ocrx_word' id='word_1_241' title='bbox 694 2325 785 2354; x_wconf 86' lang='lat' dir='ltr'>non</span> <span class='ocrx_word' id='word_1_242' title='bbox 811 2310 1041 2356; x_wconf 83' lang='lat' dir='ltr'>attrahunt.</span> <span class='ocrx_word' id='word_1_243' title='bbox 1069 2311 1178 2357; x_wconf 80' lang='lat' dir='ltr'>Illud</span> <span class='ocrx_word' id='word_1_244' title='bbox 1198 2314 1374 2376; x_wconf 86' lang='lat' dir='ltr'>quidem</span> <span class='ocrx_word' id='word_1_245' title='bbox 1389 2318 1479 2366; x_wconf 85' lang='lat' dir='ltr'>aie-</span> 
     </span>
     <span class='ocr_line' id='line_1_37' title="bbox 176 2381 1480 2450; baseline 0.002 -23"><span class='ocrx_word' id='word_1_246' title='bbox 176 2434 179 2437; x_wconf 11' lang='lat'>(</span> <span class='ocrx_word' id='word_1_247' title='bbox 200 2381 275 2427; x_wconf 87' lang='lat' dir='ltr'>bat</span> <span class='ocrx_word' id='word_1_248' title='bbox 297 2393 564 2427; x_wconf 84' lang='lat' dir='ltr'>tormentum</span> <span class='ocrx_word' id='word_1_249' title='bbox 587 2381 729 2428; x_wconf 81' lang='lat' dir='ltr'>nostra</span> <span class='ocrx_word' id='word_1_250' title='bbox 754 2398 836 2428; x_wconf 81' lang='lat' dir='ltr'>nos</span> <span class='ocrx_word' id='word_1_251' title='bbox 860 2381 1016 2428; x_wconf 83' lang='lat' dir='ltr'>sentire</span> <span class='ocrx_word' id='word_1_252' title='bbox 1044 2399 1202 2445; x_wconf 87' lang='lat' dir='ltr'>opera,</span> <span class='ocrx_word' id='word_1_253' title='bbox 1233 2390 1356 2450; x_wconf 80' lang='lat' dir='ltr'>quod</span> <span class='ocrx_word' id='word_1_254' title='bbox 1375 2402 1480 2439; x_wconf 68' lang='lat' dir='ltr'>tunc</span> 
     </span>
    </p>
   </div>
   <div class='ocr_carea' id='block_1_9' title="bbox 202 2454 1483 2572">
    <p class='ocr_par' dir='ltr' id='par_1_9' title="bbox 202 2454 1483 2572">
     <span class='ocr_line' id='line_1_38' title="bbox 202 2454 1483 2519; baseline 0.006 -17"><span class='ocrx_word' id='word_1_255' title='bbox 202 2454 492 2516; x_wconf 83' lang='lat' dir='ltr'>trepidamus,</span> <span class='ocrx_word' id='word_1_256' title='bbox 512 2471 611 2501; x_wconf 88' lang='lat' dir='ltr'>cum</span> <span class='ocrx_word' id='word_1_257' title='bbox 634 2470 774 2516; x_wconf 84' lang='lat' dir='ltr'>prope</span> <span class='ocrx_word' id='word_1_258' title='bbox 797 2471 819 2499; x_wconf 86' lang='lat' dir='ltr'>a</span> <span class='ocrx_word' id='word_1_259' title='bbox 842 2454 970 2519; x_wconf 74' lang='lat' dir='ltr'>nobis</span> <span class='ocrx_word' id='word_1_260' title='bbox 999 2456 1084 2504; x_wconf 73' lang='lat' dir='ltr'>esse</span> <span class='ocrx_word' id='word_1_261' title='bbox 1114 2458 1333 2509; x_wconf 82' lang='lat' dir='ltr'>credimus</span> <span class='ocrx_word' id='word_1_262' title='bbox 1356 2479 1483 2513; x_wconf 76' lang='lat' dir='ltr'>mor-</span> 
     </span>
     <span class='ocr_line' id='line_1_39' title="bbox 266 2519 1250 2572; baseline 0.003 -7"><span class='ocrx_word' id='word_1_263' title='bbox 266 2520 313 2565; x_wconf 87' lang='lat' dir='ltr'>L.</span> <span class='ocrx_word' id='word_1_264' title='bbox 341 2523 461 2565; x_wconf 65' lang='lat' dir='ltr'>Asm.</span> <span class='ocrx_word' id='word_1_265' title='bbox 490 2524 660 2567; x_wconf 77' lang='lat' dir='ltr'>Seneca.</span> <span class='ocrx_word' id='word_1_266' title='bbox 701 2522 744 2565; x_wconf 90' lang='lat' dir='ltr'><em>V</em></span> <span class='ocrx_word' id='word_1_267' title='bbox 743 2523 795 2566; x_wconf 86' lang='lat' dir='ltr'>ol.</span> <span class='ocrx_word' id='word_1_268' title='bbox 814 2519 906 2567; x_wconf 62' lang='lat' dir='ltr'>HA</span> <span class='ocrx_word' id='word_1_269' title='bbox 1207 2525 1250 2572; x_wconf 74' lang='lat' dir='ltr'>G</span> 
     </span>
    </p>
   </div>
  </div>
 </body>
</html>
