1807 3004
302 199 359 230 ιο
538 184 587 230 L.
642 183 940 229 ANNAEI
988 179 1340 232 SENECAE

295 290 366 336 die
384 326 397 348 ,
425 290 500 337 ubi
531 291 721 338 luserunt
753 290 960 354 navigia,
990 291 1227 339 sorbentur.
1257 291 1416 354 Cogita
1448 291 1569 354 poss'e

256 395 263 402 .
293 362 510 411 latronem
532 375 574 410 et
598 364 768 411 hostem
797 365 1040 412 admovere
1065 366 1218 428 iugulo
1243 380 1321 412 tuo
1354 365 1571 429 gladium:

295 453 343 483 ut
362 437 547 499 potestas
565 439 706 485 maior
725 438 831 485 absit
844 474 857 494 ,
878 456 1012 486 nemo
1030 456 1119 485 non
1147 440 1293 487 servus
1317 440 1446 488 habet
1463 441 1509 487 in
1528 457 1572 489 te

294 511 413 556 vitae
448 510 649 573 necisque
679 510 924 558 arbitrium.
954 514 1016 558 Ita
1047 512 1177 570 dico,
1211 514 1404 576 quisquis
1437 513 1573 560 vitam

296 583 415 629 suam
436 584 666 631 contemsit
680 619 693 640 ,
711 596 808 630 tuae
826 586 1029 633 dominus
1049 587 1129 634 est.'
1141 586 1408 649 recognosce
1427 605 1575 635 exem-

295 659 416 718 plum
443 675 626 715 eorum,
655 659 731 721 qui
760 660 1012 708 domesticis
1036 662 1196 709 insidiis
1222 662 1471 725 perierunt,
1500 658 1574 711 aut'

294 743 440 790 aperta
456 731 529 786 vi,
553 744 626 778 aut
647 733 753 780 dolo
773 751 783 779 :
805 750 847 781 et
866 734 1079 797 intelliges
1093 772 1105 794 ‚
1126 753 1217 783 non
1236 737 1466 798 pauciores
1486 738 1573 783 ser-

248 839 249 843 *
293 820 454 850 vorum
473 804 534 850 ira
554 805 777 864 cecidiffe,
799 824 928 870 quam
949 826 1118 872 regum.
1136 810 1259 870 Quid
1276 811 1329 855 ad
1351 825 1392 857 te
1410 810 1574 874 itaque,

291 891 426 937 quam
448 893 604 938 potens
633 878 682 925 fit
701 896 831 941 quem
856 881 1008 938 times,
1036 899 1137 928 cum
1164 883 1209 929 id
1239 895 1420 945 propter
1450 883 1572 945 quod

292 949 447 1008 times,
481 967 616 998 nemo
645 969 737 998 non
764 953 928 1015 possit?
950 958 1007 1000 At
1031 956 1061 1001 si
1089 954 1206 1002 forte
1236 956 1281 1001 in
1313 972 1466 1003 manus
1493 956 1576 1002 ho-

292 1022 418 1069 stium
454 1023 686 1082 incideris,
716 1026 860 1073 victor
895 1039 937 1075 te
973 1027 1074 1075 duci
1102 1027 1291 1085 iubebit,
1327 1046 1383 1076 eo
1416 1046 1576 1090 nempe

291 1115 384 1161 quo
410 1098 595 1148 duceris.
625 1098 749 1160 Quid
776 1113 818 1147 te
844 1102 935 1164 ipse
964 1101 1153 1164 decipis,
1177 1113 1219 1148 et
1239 1101 1327 1148 hoc
1345 1090 1462 1147 nufic
1482 1099 1576 1162 pri·

291 1187 413 1216 mum
431 1207 444 1228 ,
473 1172 594 1235 quod
616 1172 724 1219 olim
741 1173 996 1235 patiebaris,
1023 1172 1261 1236 intelligis?
1292 1173 1349 1218 ita
1367 1171 1470 1218 dico
1487 1205 1500 1227 ‚
1519 1186 1574 1216 ex
1631 1164 1648 1177 ‘

290 1259 384 1305 quo
415 1259 537 1290 natus
563 1260 630 1301 es,
662 1245 847 1291 duceris.
878 1245 999 1291 Haec
1024 1257 1069 1291 et
1086 1244 1332 1292 huiusmodi
1364 1242 1575 1291 versanda

292 1318 338 1362 in
358 1316 506 1363 animo
530 1317 647 1376 sunt,
668 1317 697 1363 fi
718 1318 927 1366 volumus
948 1318 1064 1364 illam
1086 1317 1282 1364 ultimam
1303 1318 1458 1364 horam
1479 1316 1575 1378 pla-

289 1387 378 1434 cidi
411 1388 657 1450 exspectare
683 1406 695 1436 τ
730 1390 851 1436 cuius
881 1402 1020 1437 metus
1047 1406 1203 1437 omnes
1231 1389 1330 1436 alias
1360 1389 1576 1453 inquietas

290 1459 405 1506 facit.
436 1462 517 1506 Sed
547 1475 595 1508 ut
624 1462 832 1524 epistolae
859 1462 991 1510 finem
1011 1462 1261 1525 imponam,
1281 1462 1432 1525 accipe
1452 1461 1577 1524 quod

291 1532 510 1594 hodierno
540 1534 611 1581 die
640 1535 746 1580 mihi
774 1534 950 1596 placuit.
973 1547 1014 1582 et
1035 1536 1121 1582 hoc
1140 1552 1319 1599 quoque
1344 1551 1399 1581 ex
1427 1534 1576 1581 alienis

290 1606 479 1653 hortulis
498 1607 687 1654 sumtum
709 1607 782 1654 est.
806 1610 995 1672 Magnae
1020 1608 1201 1656 divitiae
1222 1607 1341 1666 sunt,
1372 1606 1465 1671 lege
1495 1623 1575 1654 na-

291 1694 415 1727 turae
444 1680 686 1744 composita
713 1693 955 1746 paupertas.
989 1684 1078 1728 Lex
1106 1694 1250 1729 autem
1274 1681 1343 1727 illa
1363 1692 1540 1728 naturae
1559 1715 1576 1738 ‚

290 1755 370 1802 scis
386 1771 498 1818 quos
517 1757 643 1803 nobis
663 1756 874 1803 terminos
894 1756 1061 1803 statuit?
1083 1757 1189 1802 Non
1207 1755 1388 1814 esurire,
1410 1771 1501 1801 non
1520 1754 1574 1800 fi-

290 1828 397 1885 tite,
416 1845 508 1875 non
525 1830 680 1893 algere.
706 1831 769 1876 Ut
788 1829 945 1875 famem
969 1827 1164 1892 fitimque
1181 1826 1388 1890 depellas,
1409 1843 1499 1873 non
1515 1825 1576 1874 est

296 1901 463 1948 neceffe
488 1902 683 1966 superbis
708 1903 887 1950 affidere
909 1902 1129 1949 liminibus
1146 1937 1161 1958 ,
1189 1901 1575 1964 nec=supercilium
1595 1917 1609 1940 *ν

295 1992 453 2037 grave,
482 1988 526 2022 et
555 1974 916 2023 contumeliosam
944 1975 1072 2022 etiam
1106 1974 1418 2022 humanitatem
1445 1974 1534 2037 pati
1559 1990 1573 2021 ε
1642 2031 1648 2036 „

296 2067 387 2096 non
406 2049 465 2096 est
485 2043 653 2098 necesse
681 2048 815 2096 maria
833 2059 1017 2106 tentare,
1038 2064 1119 2094 nec
1137 2046 1256 2111 sequi
1276 2045 1422 2093 castra.
1445 2047 1576 2092 Para·-

295 2123 379 2169 bile
405 2122 465 2175 est
489 2123 611 2187 quod
635 2138 786 2170 natura
805 2122 1040 2179 defiderat,
1065 2132 1108 2168 et
1135 2118 1380 2183 appositum
1402 2119 1486 2164 :ad
1505 2118 1575 2165 su·-

296 2213 516 2258 pervacua
547 2197 738 2244 sudatur.
770 2197 843 2243 Illa
869 2196 962 2243 sunt
990 2212 1100 2259 quae
1127 2208 1278 2259 togam
1310 2206 1574 2249 conterunt,

297 2286 407 2333 quae
428 2287 508 2319 nos
526 2271 744 2320 senescere
762 2272 838 2319 sub
857 2272 1052 2319 tentorio
1071 2286 1236 2337 cogunt
1250 2308 1263 2331 ,
1285 2269 1450 2334 quaein
1465 2269 1574 2317 alie-

297 2360 351 2390 na
368 2343 497 2398 litora
515 2345 775 2410 impingunt.
801 2345 868 2392 Ad
887 2362 1065 2392 manum
1084 2345 1169 2408 est,
1195 2344 1319 2410 quod
1335 2342 1431 2391 satis
1450 2341 1524 2391 est.
