<?xml version="1.0" encoding="UTF-8"?>
<!DOCTYPE html PUBLIC "-//W3C//DTD XHTML 1.0 Transitional//EN"
    "http://www.w3.org/TR/xhtml1/DTD/xhtml1-transitional.dtd">
<html xmlns="http://www.w3.org/1999/xhtml" xml:lang="en" lang="en">
 <head>
  <title>
</title>
<meta http-equiv="Content-Type" content="text/html;charset=utf-8" />
  <meta name='ocr-system' content='tesseract 3.04.00' />
  <meta name='ocr-capabilities' content='ocr_page ocr_carea ocr_par ocr_line ocrx_word'/>
</head>
<body>
  <div class='ocr_page' id='page_1' title='image "./lannaeisenecaeph03seneuoft_0048.png"; bbox 0 0 1807 3004; ppageno 0'>
   <div class='ocr_carea' id='block_1_1' title="bbox 276 192 1334 250">
    <p class='ocr_par' dir='ltr' id='par_1_1' title="bbox 276 192 1334 250">
     <span class='ocr_line' id='line_1_1' title="bbox 276 192 1334 250; baseline 0.003 -12"><span class='ocrx_word' id='word_1_1' title='bbox 276 207 339 250; x_wconf 82' lang='lat'>40</span> <span class='ocrx_word' id='word_1_2' title='bbox 502 192 1334 242; x_wconf 63' lang='lat' dir='ltr'><strong>L.ANNAE155NECAE</strong></span> 
     </span>
    </p>
   </div>
   <div class='ocr_carea' id='block_1_2' title="bbox 265 298 1563 2481">
    <p class='ocr_par' dir='ltr' id='par_1_2' title="bbox 265 298 1563 2481">
     <span class='ocr_line' id='line_1_2' title="bbox 275 298 1563 365; baseline 0.005 -20"><span class='ocrx_word' id='word_1_3' title='bbox 275 298 392 353; x_wconf 88' lang='lat' dir='ltr'>viet,</span> <span class='ocrx_word' id='word_1_4' title='bbox 418 298 493 361; x_wconf 86' lang='lat' dir='ltr'>qui</span> <span class='ocrx_word' id='word_1_5' title='bbox 515 299 695 362; x_wconf 86' lang='lat' dir='ltr'>corpori</span> <span class='ocrx_word' id='word_1_6' title='bbox 723 298 880 353; x_wconf 87' lang='lat' dir='ltr'>servit,</span> <span class='ocrx_word' id='word_1_7' title='bbox 900 299 977 359; x_wconf 75' lang='lat' dir='ltr'>qui</span> <span class='ocrx_word' id='word_1_8' title='bbox 1000 316 1084 362; x_wconf 87' lang='lat' dir='ltr'>pro</span> <span class='ocrx_word' id='word_1_9' title='bbox 1107 301 1184 347; x_wconf 89' lang='lat' dir='ltr'>illo</span> <span class='ocrx_word' id='word_1_10' title='bbox 1206 301 1389 348; x_wconf 85' lang='lat' dir='ltr'>nimium</span> <span class='ocrx_word' id='word_1_11' title='bbox 1411 303 1563 365; x_wconf 85' lang='lat' dir='ltr'>timet,</span> 
     </span>
     <span class='ocr_line' id='line_1_3' title="bbox 276 372 1563 436; baseline 0.005 -18"><span class='ocrx_word' id='word_1_12' title='bbox 276 373 349 435; x_wconf 84' lang='lat' dir='ltr'>qui</span> <span class='ocrx_word' id='word_1_13' title='bbox 375 374 427 418; x_wconf 81' lang='lat' dir='ltr'>ad</span> <span class='ocrx_word' id='word_1_14' title='bbox 456 372 560 418; x_wconf 77' lang='lat' dir='ltr'>illud</span> <span class='ocrx_word' id='word_1_15' title='bbox 589 373 738 418; x_wconf 89' lang='lat' dir='ltr'>omnia</span> <span class='ocrx_word' id='word_1_16' title='bbox 767 372 913 418; x_wconf 79' lang='lat' dir='ltr'>refert.</span> <span class='ocrx_word' id='word_1_17' title='bbox 944 374 1013 420; x_wconf 82' lang='lat' dir='ltr'>Sic</span> <span class='ocrx_word' id='word_1_18' title='bbox 1041 390 1195 436; x_wconf 84' lang='lat' dir='ltr'>gerere</span> <span class='ocrx_word' id='word_1_19' title='bbox 1223 391 1304 420; x_wconf 89' lang='lat' dir='ltr'>nos</span> <span class='ocrx_word' id='word_1_20' title='bbox 1325 376 1530 425; x_wconf 83' lang='lat' dir='ltr'>debemus</span> <span class='ocrx_word' id='word_1_21' title='bbox 1549 414 1563 434; x_wconf 85' lang='lat'>‚</span> 
     </span>
     <span class='ocr_line' id='line_1_4' title="bbox 275 447 1561 510; baseline 0.007 -19"><span class='ocrx_word' id='word_1_22' title='bbox 275 463 367 491; x_wconf 85' lang='lat' dir='ltr'>non</span> <span class='ocrx_word' id='word_1_23' title='bbox 390 458 596 508; x_wconf 84' lang='lat' dir='ltr'>tanquam</span> <span class='ocrx_word' id='word_1_24' title='bbox 624 462 804 509; x_wconf 79' lang='lat' dir='ltr'>propter</span> <span class='ocrx_word' id='word_1_25' title='bbox 832 463 992 508; x_wconf 84' lang='lat' dir='ltr'>corpus</span> <span class='ocrx_word' id='word_1_26' title='bbox 1022 447 1177 494; x_wconf 84' lang='lat' dir='ltr'>vivere</span> <span class='ocrx_word' id='word_1_27' title='bbox 1198 450 1458 510; x_wconf 77' lang='lat' dir='ltr'>debeamus,</span> <span class='ocrx_word' id='word_1_28' title='bbox 1488 453 1561 500; x_wconf 89' lang='lat' dir='ltr'>sed</span> 
     </span>
     <span class='ocr_line' id='line_1_5' title="bbox 276 521 1560 585; baseline 0.007 -19"><span class='ocrx_word' id='word_1_29' title='bbox 276 534 481 584; x_wconf 79' lang='lat' dir='ltr'>tanquam</span> <span class='ocrx_word' id='word_1_30' title='bbox 516 539 605 567; x_wconf 91' lang='lat' dir='ltr'>non</span> <span class='ocrx_word' id='word_1_31' title='bbox 633 521 842 585; x_wconf 82' lang='lat' dir='ltr'>poffimus</span> <span class='ocrx_word' id='word_1_32' title='bbox 872 522 959 569; x_wconf 81' lang='lat' dir='ltr'>fine</span> <span class='ocrx_word' id='word_1_33' title='bbox 985 539 1188 584; x_wconf 79' lang='lat' dir='ltr'>corpore.</span> <span class='ocrx_word' id='word_1_34' title='bbox 1214 525 1352 573; x_wconf 83' lang='lat' dir='ltr'>Huius</span> <span class='ocrx_word' id='word_1_35' title='bbox 1381 544 1462 574; x_wconf 86' lang='lat' dir='ltr'>nos</span> <span class='ocrx_word' id='word_1_36' title='bbox 1489 529 1560 574; x_wconf 83' lang='lat' dir='ltr'>ni·</span> 
     </span>
     <span class='ocr_line' id='line_1_6' title="bbox 276 593 1562 656; baseline 0.007 -19"><span class='ocrx_word' id='word_1_37' title='bbox 276 593 389 638; x_wconf 85' lang='lat' dir='ltr'>mius</span> <span class='ocrx_word' id='word_1_38' title='bbox 408 610 534 639; x_wconf 85' lang='lat' dir='ltr'>amor</span> <span class='ocrx_word' id='word_1_39' title='bbox 559 595 789 641; x_wconf 82' lang='lat' dir='ltr'>timoribus</span> <span class='ocrx_word' id='word_1_40' title='bbox 815 595 1053 656; x_wconf 80' lang='lat' dir='ltr'>inquietat,</span> <span class='ocrx_word' id='word_1_41' title='bbox 1079 593 1425 644; x_wconf 81' lang='lat' dir='ltr'>solicitudinibus</span> <span class='ocrx_word' id='word_1_42' title='bbox 1452 616 1562 646; x_wconf 88' lang='lat' dir='ltr'>one-</span> 
     </span>
     <span class='ocr_line' id='line_1_7' title="bbox 274 666 1559 727; baseline 0.005 -17"><span class='ocrx_word' id='word_1_43' title='bbox 274 677 369 720; x_wconf 87' lang='lat' dir='ltr'>rat,</span> <span class='ocrx_word' id='word_1_44' title='bbox 407 666 680 712; x_wconf 86' lang='lat' dir='ltr'>contumeliis</span> <span class='ocrx_word' id='word_1_45' title='bbox 707 666 875 712; x_wconf 78' lang='lat' dir='ltr'>obiicit.</span> <span class='ocrx_word' id='word_1_46' title='bbox 907 666 1153 712; x_wconf 85' lang='lat' dir='ltr'>Honestum</span> <span class='ocrx_word' id='word_1_47' title='bbox 1187 669 1226 713; x_wconf 88' lang='lat' dir='ltr'>ei</span> <span class='ocrx_word' id='word_1_48' title='bbox 1251 669 1338 715; x_wconf 86' lang='lat' dir='ltr'>vile</span> <span class='ocrx_word' id='word_1_49' title='bbox 1367 670 1454 727; x_wconf 88' lang='lat' dir='ltr'>est,</span> <span class='ocrx_word' id='word_1_50' title='bbox 1489 672 1559 717; x_wconf 87' lang='lat' dir='ltr'>cui</span> 
     </span>
     <span class='ocr_line' id='line_1_8' title="bbox 274 739 1560 805; baseline 0.004 -20"><span class='ocrx_word' id='word_1_51' title='bbox 274 754 438 799; x_wconf 66' lang='lat' dir='ltr'>corpus</span> <span class='ocrx_word' id='word_1_52' title='bbox 471 739 598 784; x_wconf 66' lang='lat' dir='ltr'>nimis</span> <span class='ocrx_word' id='word_1_53' title='bbox 629 756 773 785; x_wconf 86' lang='lat' dir='ltr'>carum</span> <span class='ocrx_word' id='word_1_54' title='bbox 807 739 880 787; x_wconf 80' lang='lat' dir='ltr'>est.</span> <span class='ocrx_word' id='word_1_55' title='bbox 915 745 1082 802; x_wconf 81' lang='lat' dir='ltr'>Agatur</span> <span class='ocrx_word' id='word_1_56' title='bbox 1114 741 1207 787; x_wconf 87' lang='lat' dir='ltr'>eius</span> <span class='ocrx_word' id='word_1_57' title='bbox 1239 741 1560 805; x_wconf 84' lang='lat' dir='ltr'>diligentiffime</span> 
     </span>
     <span class='ocr_line' id='line_1_9' title="bbox 274 812 1560 878; baseline 0.005 -21"><span class='ocrx_word' id='word_1_58' title='bbox 274 827 378 857; x_wconf 80' lang='lat' dir='ltr'>cura</span> <span class='ocrx_word' id='word_1_59' title='bbox 398 830 406 859; x_wconf 81' lang='lat'>2</span> <span class='ocrx_word' id='word_1_60' title='bbox 432 812 484 857; x_wconf 81' lang='lat' dir='ltr'>ita</span> <span class='ocrx_word' id='word_1_61' title='bbox 503 825 647 859; x_wconf 85' lang='lat' dir='ltr'>tamen.</span> <span class='ocrx_word' id='word_1_62' title='bbox 662 847 676 870; x_wconf 84' lang='lat'>,</span> <span class='ocrx_word' id='word_1_63' title='bbox 704 827 750 859; x_wconf 87' lang='lat' dir='ltr'>ut</span> <span class='ocrx_word' id='word_1_64' title='bbox 771 830 868 859; x_wconf 87' lang='lat' dir='ltr'>cum</span> <span class='ocrx_word' id='word_1_65' title='bbox 892 813 1037 876; x_wconf 84' lang='lat' dir='ltr'>exiget</span> <span class='ocrx_word' id='word_1_66' title='bbox 1056 814 1196 872; x_wconf 84' lang='lat' dir='ltr'>ratio,</span> <span class='ocrx_word' id='word_1_67' title='bbox 1221 832 1320 861; x_wconf 90' lang='lat' dir='ltr'>cum</span> <span class='ocrx_word' id='word_1_68' title='bbox 1343 816 1529 878; x_wconf 81' lang='lat' dir='ltr'>dignitas</span> <span class='ocrx_word' id='word_1_69' title='bbox 1545 852 1560 873; x_wconf 92' lang='lat'><em>‚</em></span> 
     </span>
     <span class='ocr_line' id='line_1_10' title="bbox 273 884 1561 948; baseline 0.003 -17"><span class='ocrx_word' id='word_1_70' title='bbox 273 901 375 931; x_wconf 86' lang='lat' dir='ltr'>cum</span> <span class='ocrx_word' id='word_1_71' title='bbox 411 884 548 941; x_wconf 77' lang='lat' dir='ltr'>fides,</span> <span class='ocrx_word' id='word_1_72' title='bbox 582 885 843 932; x_wconf 83' lang='lat' dir='ltr'>mittendum</span> <span class='ocrx_word' id='word_1_73' title='bbox 877 886 920 930; x_wconf 85' lang='lat' dir='ltr'>in</span> <span class='ocrx_word' id='word_1_74' title='bbox 956 886 1098 948; x_wconf 79' lang='lat' dir='ltr'>ignem</span> <span class='ocrx_word' id='word_1_75' title='bbox 1140 887 1203 933; x_wconf 86' lang='lat' dir='ltr'>fit.</span> <span class='ocrx_word' id='word_1_76' title='bbox 1236 888 1561 947; x_wconf 86' lang='lat' dir='ltr'>Nihilominus,</span> 
     </span>
     <span class='ocr_line' id='line_1_11' title="bbox 273 957 1562 1023; baseline 0.003 -21"><span class='ocrx_word' id='word_1_77' title='bbox 273 972 486 1018; x_wconf 81' lang='lat' dir='ltr'>quantum</span> <span class='ocrx_word' id='word_1_78' title='bbox 514 957 763 1019; x_wconf 73' lang='lat' dir='ltr'>possumus,</span> <span class='ocrx_word' id='word_1_79' title='bbox 788 959 1005 1005; x_wconf 81' lang='lat' dir='ltr'>evitemus</span> <span class='ocrx_word' id='word_1_80' title='bbox 1035 959 1324 1005; x_wconf 86' lang='lat' dir='ltr'>incommoda</span> <span class='ocrx_word' id='word_1_81' title='bbox 1356 977 1562 1023; x_wconf 86' lang='lat' dir='ltr'>quoque,</span> 
     </span>
     <span class='ocr_line' id='line_1_12' title="bbox 271 1031 1560 1091; baseline 0.004 -17"><span class='ocrx_word' id='word_1_82' title='bbox 271 1045 363 1074; x_wconf 83' lang='lat' dir='ltr'>non</span> <span class='ocrx_word' id='word_1_83' title='bbox 388 1042 551 1075; x_wconf 85' lang='lat' dir='ltr'>tantum</span> <span class='ocrx_word' id='word_1_84' title='bbox 587 1031 809 1091; x_wconf 64' lang='lat' dir='ltr'>pericula:</span> <span class='ocrx_word' id='word_1_85' title='bbox 842 1044 882 1077; x_wconf 88' lang='lat' dir='ltr'>et</span> <span class='ocrx_word' id='word_1_86' title='bbox 911 1032 955 1077; x_wconf 88' lang='lat' dir='ltr'>in</span> <span class='ocrx_word' id='word_1_87' title='bbox 982 1043 1120 1077; x_wconf 85' lang='lat' dir='ltr'>tutum</span> <span class='ocrx_word' id='word_1_88' title='bbox 1149 1048 1230 1078; x_wconf 90' lang='lat' dir='ltr'>nos</span> <span class='ocrx_word' id='word_1_89' title='bbox 1272 1034 1560 1088; x_wconf 73' lang='lat' dir='ltr'>reducamus,</span> 
     </span>
     <span class='ocr_line' id='line_1_13' title="bbox 273 1102 1562 1166; baseline 0.003 -19"><span class='ocrx_word' id='word_1_90' title='bbox 273 1102 578 1165; x_wconf 76' lang='lat' dir='ltr'>excogitantes</span> <span class='ocrx_word' id='word_1_91' title='bbox 597 1102 796 1160; x_wconf 71' lang='lat' dir='ltr'>subinde,</span> <span class='ocrx_word' id='word_1_92' title='bbox 821 1102 981 1165; x_wconf 84' lang='lat' dir='ltr'>quibus</span> <span class='ocrx_word' id='word_1_93' title='bbox 1003 1102 1162 1164; x_wconf 86' lang='lat' dir='ltr'>poffint</span> <span class='ocrx_word' id='word_1_94' title='bbox 1180 1103 1373 1149; x_wconf 85' lang='lat' dir='ltr'>timenda</span> <span class='ocrx_word' id='word_1_95' title='bbox 1391 1105 1562 1166; x_wconf 81' lang='lat' dir='ltr'>depelli.</span> 
     </span>
     <span class='ocr_line' id='line_1_14' title="bbox 274 1175 1562 1239; baseline 0.003 -20"><span class='ocrx_word' id='word_1_96' title='bbox 274 1191 466 1237; x_wconf 85' lang='lat' dir='ltr'>quorum</span> <span class='ocrx_word' id='word_1_97' title='bbox 485 1175 562 1220; x_wconf 86' lang='lat' dir='ltr'>tria</span> <span class='ocrx_word' id='word_1_98' title='bbox 578 1211 590 1231; x_wconf 83' lang='lat'>‚</span> <span class='ocrx_word' id='word_1_99' title='bbox 619 1176 661 1221; x_wconf 89' lang='lat' dir='ltr'>ni</span> <span class='ocrx_word' id='word_1_100' title='bbox 684 1176 812 1221; x_wconf 87' lang='lat' dir='ltr'>fallor</span> <span class='ocrx_word' id='word_1_101' title='bbox 827 1211 839 1232; x_wconf 90' lang='lat'>‚</span> <span class='ocrx_word' id='word_1_102' title='bbox 864 1193 1021 1239; x_wconf 85' lang='lat' dir='ltr'>genera</span> <span class='ocrx_word' id='word_1_103' title='bbox 1042 1175 1151 1222; x_wconf 86' lang='lat' dir='ltr'>sunt.</span> <span class='ocrx_word' id='word_1_104' title='bbox 1169 1177 1374 1223; x_wconf 87' lang='lat' dir='ltr'>Timetur</span> <span class='ocrx_word' id='word_1_105' title='bbox 1393 1178 1562 1239; x_wconf 88' lang='lat' dir='ltr'>inopia,</span> 
     </span>
     <span class='ocr_line' id='line_1_15' title="bbox 273 1247 1562 1312; baseline 0.002 -19"><span class='ocrx_word' id='word_1_106' title='bbox 273 1247 484 1293; x_wconf 80' lang='lat' dir='ltr'>timentur</span> <span class='ocrx_word' id='word_1_107' title='bbox 504 1247 678 1304; x_wconf 82' lang='lat' dir='ltr'>morbi,</span> <span class='ocrx_word' id='word_1_108' title='bbox 700 1260 912 1294; x_wconf 83' lang='lat' dir='ltr'>timentur</span> <span class='ocrx_word' id='word_1_109' title='bbox 935 1265 1045 1309; x_wconf 82' lang='lat' dir='ltr'>quae</span> <span class='ocrx_word' id='word_1_110' title='bbox 1075 1266 1151 1310; x_wconf 92' lang='lat' dir='ltr'>per</span> <span class='ocrx_word' id='word_1_111' title='bbox 1181 1249 1274 1297; x_wconf 85' lang='lat' dir='ltr'>vim</span> <span class='ocrx_word' id='word_1_112' title='bbox 1300 1250 1562 1312; x_wconf 83' lang='lat' dir='ltr'>potentioris</span> 
     </span>
     <span class='ocr_line' id='line_1_16' title="bbox 276 1314 1562 1384; baseline 0.005 -21"><span class='ocrx_word' id='word_1_113' title='bbox 276 1319 498 1366; x_wconf 81' lang='lat' dir='ltr'>eveniunt.</span> <span class='ocrx_word' id='word_1_114' title='bbox 524 1314 590 1365; x_wconf 67' lang='lat' dir='ltr'>Ex</span> <span class='ocrx_word' id='word_1_115' title='bbox 612 1320 677 1366; x_wconf 84' lang='lat' dir='ltr'>his</span> <span class='ocrx_word' id='word_1_116' title='bbox 700 1321 905 1366; x_wconf 86' lang='lat' dir='ltr'>omnibus</span> <span class='ocrx_word' id='word_1_117' title='bbox 936 1321 1043 1367; x_wconf 87' lang='lat' dir='ltr'>nihil</span> <span class='ocrx_word' id='word_1_118' title='bbox 1070 1322 1205 1384; x_wconf 84' lang='lat' dir='ltr'>magis</span> <span class='ocrx_word' id='word_1_119' title='bbox 1237 1339 1318 1369; x_wconf 89' lang='lat' dir='ltr'>nos</span> <span class='ocrx_word' id='word_1_120' title='bbox 1336 1323 1562 1379; x_wconf 88' lang='lat' dir='ltr'>concutit,</span> 
     </span>
     <span class='ocr_line' id='line_1_17' title="bbox 274 1393 1561 1457; baseline 0.004 -19"><span class='ocrx_word' id='word_1_121' title='bbox 274 1409 404 1455; x_wconf 84' lang='lat' dir='ltr'>quam</span> <span class='ocrx_word' id='word_1_122' title='bbox 423 1393 543 1454; x_wconf 81' lang='lat' dir='ltr'>quod</span> <span class='ocrx_word' id='word_1_123' title='bbox 560 1410 615 1440; x_wconf 75' lang='lat' dir='ltr'>ex</span> <span class='ocrx_word' id='word_1_124' title='bbox 635 1393 770 1440; x_wconf 88' lang='lat' dir='ltr'>aliena</span> <span class='ocrx_word' id='word_1_125' title='bbox 789 1393 984 1457; x_wconf 86' lang='lat' dir='ltr'>potentia</span> <span class='ocrx_word' id='word_1_126' title='bbox 1004 1393 1242 1457; x_wconf 88' lang='lat' dir='ltr'>impendet.</span> <span class='ocrx_word' id='word_1_127' title='bbox 1259 1397 1425 1457; x_wconf 86' lang='lat' dir='ltr'>Magno</span> <span class='ocrx_word' id='word_1_128' title='bbox 1441 1396 1561 1443; x_wconf 84' lang='lat' dir='ltr'>enim</span> 
     </span>
     <span class='ocr_line' id='line_1_18' title="bbox 274 1464 1561 1530; baseline 0.004 -20"><span class='ocrx_word' id='word_1_129' title='bbox 274 1464 456 1528; x_wconf 77' lang='lat' dir='ltr'>strepitu</span> <span class='ocrx_word' id='word_1_130' title='bbox 473 1482 516 1514; x_wconf 82' lang='lat' dir='ltr'>et</span> <span class='ocrx_word' id='word_1_131' title='bbox 533 1467 720 1516; x_wconf 85' lang='lat' dir='ltr'>tumultu</span> <span class='ocrx_word' id='word_1_132' title='bbox 747 1469 882 1514; x_wconf 83' lang='lat' dir='ltr'>venit.</span> <span class='ocrx_word' id='word_1_133' title='bbox 902 1469 1125 1514; x_wconf 77' lang='lat' dir='ltr'>Naturalia</span> <span class='ocrx_word' id='word_1_134' title='bbox 1149 1469 1259 1514; x_wconf 88' lang='lat' dir='ltr'>mala</span> <span class='ocrx_word' id='word_1_135' title='bbox 1277 1485 1386 1530; x_wconf 87' lang='lat' dir='ltr'>quae</span> <span class='ocrx_word' id='word_1_136' title='bbox 1408 1469 1561 1524; x_wconf 79' lang='lat' dir='ltr'>retuli,</span> 
     </span>
     <span class='ocr_line' id='line_1_19' title="bbox 271 1536 1560 1600; baseline 0.005 -18"><span class='ocrx_word' id='word_1_137' title='bbox 271 1536 448 1600; x_wconf 73' lang='lat' dir='ltr'>inopiae</span> <span class='ocrx_word' id='word_1_138' title='bbox 480 1553 608 1587; x_wconf 75' lang='lat' dir='ltr'>atoue</span> <span class='ocrx_word' id='word_1_139' title='bbox 642 1541 814 1597; x_wconf 84' lang='lat' dir='ltr'>morbi,</span> <span class='ocrx_word' id='word_1_140' title='bbox 845 1541 1014 1586; x_wconf 80' lang='lat' dir='ltr'>silentio</span> <span class='ocrx_word' id='word_1_141' title='bbox 1042 1541 1253 1596; x_wconf 87' lang='lat' dir='ltr'>subeunt,</span> <span class='ocrx_word' id='word_1_142' title='bbox 1286 1557 1366 1587; x_wconf 87' lang='lat' dir='ltr'>nec</span> <span class='ocrx_word' id='word_1_143' title='bbox 1387 1536 1560 1599; x_wconf 76' lang='lat' dir='ltr'>oculisf,</span> 
     </span>
     <span class='ocr_line' id='line_1_20' title="bbox 270 1612 1559 1676; baseline 0.004 -21"><span class='ocrx_word' id='word_1_144' title='bbox 270 1627 351 1657; x_wconf 80' lang='lat' dir='ltr'>nec</span> <span class='ocrx_word' id='word_1_145' title='bbox 374 1612 550 1658; x_wconf 76' lang='lat' dir='ltr'>auribus</span> <span class='ocrx_word' id='word_1_146' title='bbox 572 1614 806 1664; x_wconf 67' lang='lat' dir='ltr'>Quidouam</span> <span class='ocrx_word' id='word_1_147' title='bbox 835 1614 1013 1660; x_wconf 86' lang='lat' dir='ltr'>terroris</span> <span class='ocrx_word' id='word_1_148' title='bbox 1036 1613 1253 1660; x_wconf 87' lang='lat' dir='ltr'>incutiunt</span> <span class='ocrx_word' id='word_1_149' title='bbox 1281 1631 1291 1659; x_wconf 76' lang='grc' dir='ltr'><strong><em>ε</em></strong></span> <span class='ocrx_word' id='word_1_150' title='bbox 1324 1613 1477 1676; x_wconf 79' lang='lat' dir='ltr'>ingens</span> <span class='ocrx_word' id='word_1_151' title='bbox 1496 1614 1559 1660; x_wconf 89' lang='lat' dir='ltr'>al-</span> 
     </span>
     <span class='ocr_line' id='line_1_21' title="bbox 270 1684 1560 1747; baseline 0.002 -18"><span class='ocrx_word' id='word_1_152' title='bbox 270 1684 403 1730; x_wconf 77' lang='lat' dir='ltr'>terius</span> <span class='ocrx_word' id='word_1_153' title='bbox 423 1684 523 1731; x_wconf 81' lang='lat' dir='ltr'>mali</span> <span class='ocrx_word' id='word_1_154' title='bbox 543 1701 708 1747; x_wconf 83' lang='lat' dir='ltr'>pompa</span> <span class='ocrx_word' id='word_1_155' title='bbox 726 1685 807 1740; x_wconf 76' lang='lat' dir='ltr'>est3</span> <span class='ocrx_word' id='word_1_156' title='bbox 826 1685 989 1732; x_wconf 86' lang='lat' dir='ltr'>ferrum</span> <span class='ocrx_word' id='word_1_157' title='bbox 1009 1685 1125 1731; x_wconf 88' lang='lat' dir='ltr'>circa</span> <span class='ocrx_word' id='word_1_158' title='bbox 1146 1684 1187 1731; x_wconf 92' lang='lat' dir='ltr'>se</span> <span class='ocrx_word' id='word_1_159' title='bbox 1207 1698 1251 1729; x_wconf 88' lang='lat' dir='ltr'>et</span> <span class='ocrx_word' id='word_1_160' title='bbox 1274 1684 1396 1747; x_wconf 83' lang='lat' dir='ltr'>ignes</span> <span class='ocrx_word' id='word_1_161' title='bbox 1412 1685 1560 1742; x_wconf 81' lang='lat' dir='ltr'>habet,</span> 
     </span>
     <span class='ocr_line' id='line_1_22' title="bbox 271 1756 1562 1821; baseline 0 -17"><span class='ocrx_word' id='word_1_162' title='bbox 271 1770 316 1804; x_wconf 77' lang='lat' dir='ltr'>et</span> <span class='ocrx_word' id='word_1_163' title='bbox 345 1772 542 1813; x_wconf 76' lang='lat' dir='ltr'>catenas,</span> <span class='ocrx_word' id='word_1_164' title='bbox 566 1775 610 1805; x_wconf 84' lang='lat' dir='ltr'>et</span> <span class='ocrx_word' id='word_1_165' title='bbox 627 1758 800 1805; x_wconf 83' lang='lat' dir='ltr'>turbam</span> <span class='ocrx_word' id='word_1_166' title='bbox 822 1758 1012 1805; x_wconf 81' lang='lat' dir='ltr'>ferarum</span> <span class='ocrx_word' id='word_1_167' title='bbox 1033 1795 1045 1812; x_wconf 86' lang='lat'>‚</span> <span class='ocrx_word' id='word_1_168' title='bbox 1069 1776 1201 1821; x_wconf 85' lang='lat' dir='ltr'>quam</span> <span class='ocrx_word' id='word_1_169' title='bbox 1226 1758 1271 1803; x_wconf 88' lang='lat' dir='ltr'>in</span> <span class='ocrx_word' id='word_1_170' title='bbox 1292 1756 1454 1806; x_wconf 80' lang='lat' dir='ltr'>viscera</span> <span class='ocrx_word' id='word_1_171' title='bbox 1475 1757 1562 1804; x_wconf 86' lang='lat' dir='ltr'>im-</span> 
     </span>
     <span class='ocr_line' id='line_1_23' title="bbox 269 1830 1558 1896; baseline 0.002 -18"><span class='ocrx_word' id='word_1_172' title='bbox 269 1830 415 1878; x_wconf 78' lang='lat' dir='ltr'>mittat</span> <span class='ocrx_word' id='word_1_173' title='bbox 442 1834 644 1879; x_wconf 78' lang='lat' dir='ltr'>humana.</span> <span class='ocrx_word' id='word_1_174' title='bbox 675 1833 832 1896; x_wconf 71' lang='lat' dir='ltr'>Cogita</span> <span class='ocrx_word' id='word_1_175' title='bbox 856 1833 944 1880; x_wconf 90' lang='lat' dir='ltr'>hoc</span> <span class='ocrx_word' id='word_1_176' title='bbox 975 1834 1079 1880; x_wconf 94' lang='lat' dir='ltr'>loco</span> <span class='ocrx_word' id='word_1_177' title='bbox 1111 1848 1358 1888; x_wconf 82' lang='lat' dir='ltr'>carcerem,</span> <span class='ocrx_word' id='word_1_178' title='bbox 1394 1845 1436 1880; x_wconf 91' lang='lat' dir='ltr'>et</span> <span class='ocrx_word' id='word_1_179' title='bbox 1456 1849 1558 1880; x_wconf 70' lang='lat' dir='ltr'>cru-</span> 
     </span>
     <span class='ocr_line' id='line_1_24' title="bbox 272 1905 1556 1967; baseline 0.002 -16"><span class='ocrx_word' id='word_1_180' title='bbox 272 1920 343 1951; x_wconf 88' lang='lat' dir='ltr'>ces</span> <span class='ocrx_word' id='word_1_181' title='bbox 357 1940 370 1961; x_wconf 91' lang='lat'>,</span> <span class='ocrx_word' id='word_1_182' title='bbox 390 1919 432 1951; x_wconf 82' lang='lat' dir='ltr'>et</span> <span class='ocrx_word' id='word_1_183' title='bbox 449 1907 624 1953; x_wconf 84' lang='lat' dir='ltr'>eculeos</span> <span class='ocrx_word' id='word_1_184' title='bbox 639 1942 651 1964; x_wconf 92' lang='lat'>‚</span> <span class='ocrx_word' id='word_1_185' title='bbox 678 1919 721 1952; x_wconf 88' lang='lat' dir='ltr'>et</span> <span class='ocrx_word' id='word_1_186' title='bbox 745 1923 935 1960; x_wconf 73' lang='lat' dir='ltr'>uncum3</span> <span class='ocrx_word' id='word_1_187' title='bbox 955 1919 997 1952; x_wconf 86' lang='lat' dir='ltr'>et</span> <span class='ocrx_word' id='word_1_188' title='bbox 1017 1906 1241 1961; x_wconf 67' lang='lat' dir='ltr'>adactum,</span> <span class='ocrx_word' id='word_1_189' title='bbox 1266 1922 1344 1967; x_wconf 87' lang='lat' dir='ltr'>per</span> <span class='ocrx_word' id='word_1_190' title='bbox 1362 1905 1556 1953; x_wconf 85' lang='lat' dir='ltr'>medium</span> 
     </span>
     <span class='ocr_line' id='line_1_25' title="bbox 271 1977 1556 2042; baseline 0.002 -19"><span class='ocrx_word' id='word_1_191' title='bbox 271 1977 502 2024; x_wconf 80' lang='lat' dir='ltr'>hominem</span> <span class='ocrx_word' id='word_1_192' title='bbox 518 2015 531 2038; x_wconf 81' lang='lat'><strong>‚</strong></span> <span class='ocrx_word' id='word_1_193' title='bbox 551 1979 625 2041; x_wconf 83' lang='lat' dir='ltr'>qui.</span> <span class='ocrx_word' id='word_1_194' title='bbox 647 1996 723 2041; x_wconf 78' lang='lat' dir='ltr'>per</span> <span class='ocrx_word' id='word_1_195' title='bbox 748 1996 798 2026; x_wconf 92' lang='lat' dir='ltr'>os</span> <span class='ocrx_word' id='word_1_196' title='bbox 816 1994 1009 2042; x_wconf 82' lang='lat' dir='ltr'>emergat</span> <span class='ocrx_word' id='word_1_197' title='bbox 1023 1978 1271 2040; x_wconf 45' lang='lat' dir='ltr'>‚lstipitem3</span> <span class='ocrx_word' id='word_1_198' title='bbox 1296 1991 1336 2024; x_wconf 91' lang='lat' dir='ltr'>et</span> <span class='ocrx_word' id='word_1_199' title='bbox 1357 1977 1556 2025; x_wconf 63' lang='lat' dir='ltr'>distracta</span> 
     </span>
     <span class='ocr_line' id='line_1_26' title="bbox 268 2049 1559 2107; baseline 0.001 -11"><span class='ocrx_word' id='word_1_200' title='bbox 268 2049 314 2096; x_wconf 76' lang='lat' dir='ltr'>in</span> <span class='ocrx_word' id='word_1_201' title='bbox 348 2051 567 2099; x_wconf 74' lang='lat' dir='ltr'>diversum</span> <span class='ocrx_word' id='word_1_202' title='bbox 589 2053 691 2098; x_wconf 66' lang='lat' dir='ltr'>aclis</span> <span class='ocrx_word' id='word_1_203' title='bbox 716 2053 916 2099; x_wconf 84' lang='lat' dir='ltr'>curribus</span> <span class='ocrx_word' id='word_1_204' title='bbox 943 2052 1167 2107; x_wconf 78' lang='lat' dir='ltr'>membra3</span> <span class='ocrx_word' id='word_1_205' title='bbox 1195 2051 1310 2096; x_wconf 85' lang='lat' dir='ltr'>illam</span> <span class='ocrx_word' id='word_1_206' title='bbox 1337 2051 1527 2098; x_wconf 82' lang='lat' dir='ltr'>tunicam</span> <span class='ocrx_word' id='word_1_207' title='bbox 1544 2086 1559 2107; x_wconf 90' lang='lat'><em>‚</em></span> 
     </span>
     <span class='ocr_line' id='line_1_27' title="bbox 271 2122 1561 2189; baseline 0.002 -21"><span class='ocrx_word' id='word_1_208' title='bbox 271 2124 485 2171; x_wconf 75' lang='lat' dir='ltr'>alimentis</span> <span class='ocrx_word' id='word_1_209' title='bbox 520 2125 686 2189; x_wconf 83' lang='lat' dir='ltr'>ignium</span> <span class='ocrx_word' id='word_1_210' title='bbox 723 2137 765 2173; x_wconf 90' lang='lat' dir='ltr'>et</span> <span class='ocrx_word' id='word_1_211' title='bbox 797 2125 950 2172; x_wconf 84' lang='lat' dir='ltr'>illitam</span> <span class='ocrx_word' id='word_1_212' title='bbox 985 2139 1028 2173; x_wconf 90' lang='lat' dir='ltr'>et</span> <span class='ocrx_word' id='word_1_213' title='bbox 1070 2125 1316 2180; x_wconf 80' lang='lat' dir='ltr'>intextam3</span> <span class='ocrx_word' id='word_1_214' title='bbox 1347 2122 1561 2187; x_wconf 82' lang='lat' dir='ltr'>quidquid</span> 
     </span>
     <span class='ocr_line' id='line_1_28' title="bbox 265 2198 1560 2261; baseline -0.002 -15"><span class='ocrx_word' id='word_1_215' title='bbox 265 2198 409 2252; x_wconf 71' lang='lat' dir='ltr'>aliud,</span> <span class='ocrx_word' id='word_1_216' title='bbox 440 2213 610 2261; x_wconf 85' lang='lat' dir='ltr'>praeter</span> <span class='ocrx_word' id='word_1_217' title='bbox 630 2201 759 2257; x_wconf 82' lang='lat' dir='ltr'>haec,</span> <span class='ocrx_word' id='word_1_218' title='bbox 789 2211 1040 2246; x_wconf 86' lang='lat' dir='ltr'>commenta</span> <span class='ocrx_word' id='word_1_219' title='bbox 1068 2198 1242 2245; x_wconf 79' lang='lat' dir='ltr'>saevitia</span> <span class='ocrx_word' id='word_1_220' title='bbox 1271 2198 1345 2244; x_wconf 85' lang='lat' dir='ltr'>est.</span> <span class='ocrx_word' id='word_1_221' title='bbox 1366 2200 1471 2244; x_wconf 89' lang='lat' dir='ltr'>Non</span> <span class='ocrx_word' id='word_1_222' title='bbox 1497 2198 1560 2257; x_wconf 83' lang='lat' dir='ltr'>est</span> 
     </span>
     <span class='ocr_line' id='line_1_29' title="bbox 267 2269 1559 2334; baseline 0.001 -18"><span class='ocrx_word' id='word_1_223' title='bbox 267 2269 418 2334; x_wconf 83' lang='lat' dir='ltr'>itaque</span> <span class='ocrx_word' id='word_1_224' title='bbox 439 2274 596 2320; x_wconf 83' lang='lat' dir='ltr'>mirum</span> <span class='ocrx_word' id='word_1_225' title='bbox 612 2306 626 2329; x_wconf 65' lang='lat'><em>9</em></span> <span class='ocrx_word' id='word_1_226' title='bbox 649 2273 677 2318; x_wconf 81' lang='lat' dir='ltr'>fi</span> <span class='ocrx_word' id='word_1_227' title='bbox 699 2274 915 2320; x_wconf 78' lang='lat' dir='ltr'>maximus</span> <span class='ocrx_word' id='word_1_228' title='bbox 936 2273 1061 2320; x_wconf 86' lang='lat' dir='ltr'>huius</span> <span class='ocrx_word' id='word_1_229' title='bbox 1087 2272 1150 2318; x_wconf 87' lang='lat' dir='ltr'>rei</span> <span class='ocrx_word' id='word_1_230' title='bbox 1170 2272 1306 2318; x_wconf 87' lang='lat' dir='ltr'>timor</span> <span class='ocrx_word' id='word_1_231' title='bbox 1325 2272 1412 2329; x_wconf 86' lang='lat' dir='ltr'>est,</span> <span class='ocrx_word' id='word_1_232' title='bbox 1435 2272 1559 2318; x_wconf 85' lang='lat' dir='ltr'>cuius</span> 
     </span>
     <span class='ocr_line' id='line_1_30' title="bbox 269 2343 1560 2410; baseline 0 -21"><span class='ocrx_word' id='word_1_233' title='bbox 269 2355 313 2390; x_wconf 88' lang='lat' dir='ltr'>et</span> <span class='ocrx_word' id='word_1_234' title='bbox 345 2344 530 2392; x_wconf 82' lang='lat' dir='ltr'>varietas</span> <span class='ocrx_word' id='word_1_235' title='bbox 561 2363 745 2410; x_wconf 82' lang='lat' dir='ltr'>magna,</span> <span class='ocrx_word' id='word_1_236' title='bbox 775 2359 818 2393; x_wconf 90' lang='lat' dir='ltr'>et</span> <span class='ocrx_word' id='word_1_237' title='bbox 848 2361 1074 2408; x_wconf 78' lang='lat' dir='ltr'>apparatus</span> <span class='ocrx_word' id='word_1_238' title='bbox 1102 2344 1305 2392; x_wconf 86' lang='lat' dir='ltr'>terribilis</span> <span class='ocrx_word' id='word_1_239' title='bbox 1333 2344 1407 2391; x_wconf 89' lang='lat' dir='ltr'>est.</span> <span class='ocrx_word' id='word_1_240' title='bbox 1443 2343 1560 2390; x_wconf 84' lang='lat' dir='ltr'>Nam</span> 
     </span>
     <span class='ocr_line' id='line_1_31' title="bbox 271 2416 1558 2481; baseline 0.001 -20"><span class='ocrx_word' id='word_1_241' title='bbox 271 2417 647 2478; x_wconf 81' lang='lat' dir='ltr'>quemadmodum</span> <span class='ocrx_word' id='word_1_242' title='bbox 682 2418 776 2480; x_wconf 86' lang='lat' dir='ltr'>plus</span> <span class='ocrx_word' id='word_1_243' title='bbox 805 2418 894 2481; x_wconf 84' lang='lat' dir='ltr'>agit</span> <span class='ocrx_word' id='word_1_244' title='bbox 920 2430 1092 2474; x_wconf 87' lang='lat' dir='ltr'>tortor,</span> <span class='ocrx_word' id='word_1_245' title='bbox 1125 2434 1215 2480; x_wconf 86' lang='lat' dir='ltr'>quo</span> <span class='ocrx_word' id='word_1_246' title='bbox 1247 2419 1371 2480; x_wconf 86' lang='lat' dir='ltr'>plura</span> <span class='ocrx_word' id='word_1_247' title='bbox 1398 2416 1558 2462; x_wconf 79' lang='lat' dir='ltr'>instru-</span> 
     </span>
    </p>
   </div>
   <div class='ocr_carea' id='block_1_3' title="bbox 226 2488 1558 2559">
    <p class='ocr_par' dir='ltr' id='par_1_3' title="bbox 226 2488 1558 2559">
     <span class='ocr_line' id='line_1_32' title="bbox 226 2488 1558 2559; baseline -0.004 -16"><span class='ocrx_word' id='word_1_248' title='bbox 226 2541 228 2543; x_wconf 84' lang='lat'>.</span> <span class='ocrx_word' id='word_1_249' title='bbox 268 2504 415 2541; x_wconf 72' lang='lat' dir='ltr'>menta</span> <span class='ocrx_word' id='word_1_250' title='bbox 434 2490 604 2541; x_wconf 72' lang='lat' dir='ltr'>doloris</span> <span class='ocrx_word' id='word_1_251' title='bbox 623 2490 826 2556; x_wconf 71' lang='lat' dir='ltr'>exposuit</span> <span class='ocrx_word' id='word_1_252' title='bbox 850 2489 1024 2559; x_wconf 82' lang='lat' dir='ltr'>(specie</span> <span class='ocrx_word' id='word_1_253' title='bbox 1043 2489 1161 2543; x_wconf 80' lang='lat' dir='ltr'>enim</span> <span class='ocrx_word' id='word_1_254' title='bbox 1180 2491 1446 2551; x_wconf 67' lang='lat' dir='ltr'>vincuntur,</span> <span class='ocrx_word' id='word_1_255' title='bbox 1476 2488 1558 2559; x_wconf 79' lang='lat' dir='ltr'>qui</span> 
     </span>
    </p>
   </div>
   <div class='ocr_carea' id='block_1_4' title="bbox 1796 2145 1807 2768">
    <p class='ocr_par' dir='ltr' id='par_1_4' title="bbox 1796 2145 1807 2768">
     <span class='ocr_line' id='line_1_33' title="bbox 1796 2145 1807 2768; baseline 0 236"><span class='ocrx_word' id='word_1_256' title='bbox 1796 2145 1807 2768; x_wconf 95' lang='lat' dir='ltr'> </span> 
     </span>
    </p>
   </div>
  </div>
 </body>
</html>
