1807 3004
508 176 1085 248 EP1ST0'LAE.
1339 217 1425 264 ως

165 308 251 369 est,
270 308 412 356 firmat
433 308 622 355 animum
639 343 651 364 ‚
680 307 919 370 attollitque
934 340 947 362 ‚
976 306 1146 368 semper
1174 305 1361 353 futurum
1388 308 1433 354 in

165 384 335 430 excelso
352 402 364 430 ε
385 383 453 429 illa
470 399 580 444 quae
595 394 756 428 temere
772 382 1012 436 laudantur,
1031 392 1075 425 et
1091 379 1209 442 vulgi
1228 380 1434 428 sententia

165 455 282 501 bona
300 455 420 512 sunt,
439 453 591 500 inflant
611 454 807 499 inanibus
827 454 971 499 laetos.
999 452 1160 497 Rursus
1177 469 1227 498 ea
1247 468 1358 514 quae
1376 453 1433 498 ti⁴=

166 540 342 574 mentm·
367 539 568 590 tanquam
592 528 701 572 mala
717 563 730 584 ‚
755 527 954 572 iniiciunt
971 525 1255 570 formidinem
1274 526 1434 572 menti-

167 599 266 655 bus,
281 614 323 646 et
338 600 428 646 illas
444 615 533 645 non
550 600 686 657 aliter,
701 615 826 661 quam
844 598 1042 644 animalia
1060 597 1219 658 species
1237 598 1438 659 periculi,

167 673 340 735 agitant.
371 675 567 735 Utraque
599 688 666 718 res
691 689 796 735 ergo
816 672 902 717 fine
924 671 1051 717 causa
1074 670 1267 716 animum
1287 683 1328 717 et
1347 670 1438 717 dis-³

169 744 338 802 fundit,
365 758 409 792 et
439 745 613 791 mordet
635 762 646 790 :
676 761 755 791 nec
783 745 852 790 illa
875 743 1068 807 gau-dio,
1097 759 1177 790 nec
1204 743 1313 792 >haec
1342 761 1438 792 me-

169 832 216 865 tu
245 818 373 881 digna
399 818 473 864 est.
506 817 594 863 sola
618 817 730 863 ratio
752 816 1034 863 immutabilis
1060 827 1104 862 et
1131 815 1280 863 iudicii
1308 830 1439 863 tenax

169 890 246 938 est.
283 907 372 937 non
403 892 521 938 enim
554 891 709 949 servit,
747 891 818 938 sed
856 891 1038 952 imperat
1067 888 1264 935 senstbus.
1306 888 1441 934 Ratio

169 963 330 1008 rationi
358 980 436 1025 par
463 963 546 1020 est,
573 961 678 1008 ficut
704 963 867 1009 sedtum
893 961 1042 1007 recto:
1065 972 1171 1022 ergo
1198 971 1241 1005 et
1272 958 1440 1018 virtus,

170 1052 282 1098 quae
308 1052 399 1082 non
426 1037 539 1082 aliud
564 1035 622 1081 est
651 1052 780 1098 quam
803 1035 916 1081 re&a
946 1033 1072 1079 rati0.
1102 1035 1270 1078 Omnes
1297 1031 1442 1079 virtu-

171 1118 235 1152 tes
257 1106 448 1152 rationes
469 1107 609 1152 reetae
629 1106 725 1151 sunt
746 1123 754 1151 ε
776 1105 805 1150 s1
824 1106 963 1151 reEtae
990 1102 1110 1158 sunt,
1131 1115 1174 1150 et
1192 1118 1316 1165 pares
1333 1102 1443 1150 sunt.

172 1178 328 1238 Qualis
352 1178 464 1225 ratio
498 1177 587 1234 est,
619 1178 723 1224 tales
749 1189 791 1223 et
823 1177 1016 1223 affiones
1044 1175 1138 1222 sunt
1162 1192 1173 1220 :
1201 1190 1308 1237 ergo
1339 1190 1443 1220 om-

173 1267 248 1297 nes
270 1267 390 1313 pares
415 1250 525 1298 sunt.
556 1250 670 1297 Nam
698 1265 799 1297 cum
828 1248 984 1296 fimiles
1014 1246 1171 1294 rationi
1191 1246 1300 1304 fint,
1327 1246 1446 1293 fimi-

173 1324 234 1370 l-es
266 1337 309 1370 et
337 1323 449 1370 inter
486 1323 527 1370 se
557 1324 654 1370 sunt
680 1339 691 1369 :
719 1339 843 1385 pares
871 1335 1012 1369 autem
1040 1320 1231 1368 afflones
1262 1319 1374 1366 inter
1404 1319 1447 1366 se

175 1394 261 1442 effe
286 1396 416 1450 dico,
448 1411 533 1458 qua
566 1396 703 1441 metae
737 1394 864 1452 sunt,
900 1405 942 1440 et
975 1393 1190 1440 honestae.
1238 1392 1445 1439 Ceterum

176 1485 331 1532 magna
356 1469 573 1515 habebunt
595 1467 868 1524 discrimina,
888 1466 1084 1514 variante
1112 1465 1314 1511 materia:
1334 1478 1446 1527 quae

177 1541 317 1587 modo
344 1540 473 1587 latior
503 1539 593 1597 est,
619 1541 759 1587 modo
793 1536 1014 1602 angustior
1031 1554 1045 1594 3
1076 1537 1216 1583 modo
1245 1535 1414 1584 illustris
1432 1571 1447 1593 ‚

178 1614 318 1660 modo
337 1613 569 1677 ignobili53
596 1614 733 1660 modo
764 1613 820 1660 ad
849 1611 1008 1658 multos
1033 1610 1278 1673 pertinens,
1307 1611 1449 1655 modo

177 1689 231 1734 ad
260 1704 437 1751 paucos.
468 1691 516 1734 ln
543 1687 746 1735 omnibus
782 1702 925 1734 tamen
953 1685 1067 1743 istis,
1099 1685 1145 1732 id
1173 1683 1296 1748 quod
1328 1683 1448 1745 opti-

179 1777 301 1806 mum
321 1759 403 1817 est,
428 1776 506 1823 par
533 1760 604 1807 est.
634 1771 838 1822 tanquam
871 1757 957 1807 viri
988 1757 1125 1814 boni,
1149 1772 1306 1802 omnes
1325 1771 1449 1817 pares

178 1833 303 1889 sunt,
329 1849 413 1895 qua
430 1832 538 1879 boni
566 1833 672 1879 sunt.
700 1832 771 1880 sed
793 1832 953 1878 habent
978 1828 1244 1876 different‘tas
1274 1827 1448 1874 aetatis:

179 1906 287 1953 alius
325 1905 470 1952 senior
489 1940 503 1962 ,
541 1905 646 1952 alius
678 1905 837 1951 iunior.
877 1903 1037 1949 habent
1070 1899 1274 1962 corporis
1304 1917 1315 1946 :
1345 1898 1451 1946 alius

180 1978 425 2035 formosus,
458 1978 564 2024 alius
591 1976 801 2024 deformis
828 1975 900 2023 est.
929 1975 1090 2022 habent
1118 1972 1354 2020 fortunae:
1379 1971 1451 2019 ille

184 2048 331 2108 dives,
354 2049 424 2095 hic
442 2065 604 2112 pauper
628 2048 715 2096 est:
739 2049 809 2094 ille
825 2047 1052 2111 gratiosus,
1077 2057 1256 2108 potens,
1271 2043 1451 2091 urbibus

186 2136 317 2171 notus
347 2136 390 2170 et
415 2123 611 2186 populis;
643 2122 819 2186 ignotus
850 2122 921 2169 hic
950 2120 1191 2183 plerisque,
1222 2131 1264 2166 et
1291 2119 1453 2166 obscu=

186 2215 271 2245 rus.
311 2197 394 2244 Sed
428 2213 506 2259 per
530 2195 634 2243 illud
659 2195 782 2258 quod
808 2195 916 2242 boni
939 2194 1060 2249 sunt,
1092 2209 1213 2256 pares
1235 2192 1342 2239 sunt.
1379 2190 1454 2237 De

187 2270 316 2317 bonis
345 2287 394 2316 ac
419 2269 540 2316 malis
564 2268 706 2315 sensus
730 2284 821 2313 non
848 2266 1038 2312 iudicat:
1061 2265 1168 2328 quid
1197 2263 1325 2319 utile,
1347 2260 1454 2315 scit;

186 2343 295 2406 quid
322 2342 498 2399 inutile,
524 2341 710 2403 ignorat.
741 2341 848 2385 Non
876 2337 1016 2400 potest
1040 2336 1151 2383 ferre
1180 2335 1453 2390 sententiam,

191 2414 268 2460 nifi
301 2414 346 2460 in
376 2430 469 2461 rem
507 2407 774 2476 praesentem
806 2412 1037 2474 perdudtus
1066 2409 1127 2455 est
1155 2426 1168 2455 :
1197 2425 1280 2454 nec
1315 2405 1453 2453 futuri

191 2489 408 2552 providus
427 2487 488 2538 est
497 2523 514 2550 ‚
543 2503 623 2538 nec
648 2484 867 2551 praeteriti
893 2500 1100 2533 memor:
1127 2481 1235 2546 quid
1263 2481 1315 2530 fit
1341 2496 1457 2531 con-2
