1797 2956
245 173 339 220 310
468 161 518 208 ι..
569 161 868 206 ΑΝΝΑΕΙ
922 160 1281 230 SENECAE

242 276 335 311 tum
363 265 507 329 legere
533 267 742 314 debemus
761 285 770 312 :
793 268 924 314 altera
948 284 1015 314 res
1034 280 1187 315 contra
1209 268 1358 326 stabit,
1380 282 1425 314 et
1448 267 1516 314 vi-

245 353 314 384 res
338 339 561 385 exhauriet
582 357 592 384 :
615 340 668 385 de
695 338 791 384 stilo
822 339 924 385 dico
947 357 956 384 :
977 340 1105 386 altera
1130 340 1269 386 solvet
1287 356 1339 385 ac
1368 339 1519 387 diluet‘.

244 410 443 456 Invicem
477 411 563 456 hoc
590 410 669 456 illo
698 410 1058 456 commutandum
1085 411 1172 468 est,
1197 425 1239 458 et
1266 411 1448 457 alterum
1467 411 1521 457 al·

243 494 342 530 tero
374 484 733 546 temperandum:
761 498 807 530 ut
837 484 1050 547 quidquid
1075 485 1261 531 lefiione
1287 484 1519 530 collefilum

244 556 335 614 est,
365 556 480 603 stilus
507 557 673 619 redigat
699 555 743 601 in
770 572 944 618 corpus.
978 561 1092 619 Apes
1120 555 1191 620 (ut
1217 555 1359 618 aiunt)
1389 556 1523 602 debe-

246 645 344 675 mus
374 628 564 685 imitari,
586 645 695 691 quae
722 641 962 692 vagantur,
994 643 1035 673 et
1058 627 1190 674 flores
1215 629 1270 674 ad
1293 627 1380 674 mel
1412 627 1521 674 faci-

246 701 408 746 endum
434 702 619 748 idoneos
652 716 835 763 carpunt
860 719 870 746 :
900 700 1056 746 deinde
1084 700 1299 763 quidquid
1318 700 1524 758 attulere,

247 772 485 833 disponunt
503 808 517 830 ‚
538 789 588 820 ac
620 791 697 837 per
727 773 858 820 favos
886 771 1119 835 digerunt:
1144 785 1208 830 et,
1234 782 1282 819 ut
1315 771 1526 836 Virgilius

246 847 392 894 noster
417 847 504 905 ait,

540 989 702 997 ---—-
731 956 932 1018 liquentia
957 958 1078 1000 mella

347 1031 548 1091 Stipant,
569 1028 612 1075 δ’
634 1031 748 1075 dulci
766 1030 1002 1088 distendunt
1027 1028 1180 1073 neflare
1206 1030 1341 1073 cellas.

250 1135 326 1181 De
348 1135 430 1183 illis
455 1153 545 1182 non
575 1137 672 1183 satis
704 1135 897 1193 constat,
929 1147 1072 1181 utrum
1103 1134 1280 1180 succum
1312 1150 1367 1179 ex
1403 1131 1529 1178 flori·

251 1208 334 1256 bus
361 1210 544 1267 ducant,
575 1209 650 1272 qui
674 1209 875 1271 protinus
906 1207 991 1253 mel
1020 1207 1069 1253 {it
1090 1224 1100 1251 z
1121 1224 1176 1251 an
1201 1223 1310 1268 quae
1335 1207 1529 1268 college-

252 1296 379 1337 runt,
396 1282 440 1327 in
459 1281 575 1327 hunc
600 1281 799 1343 saporem
819 1279 1009 1325 mixtura
1028 1279 1213 1341 quadam
1232 1313 1243 1335 ‚
1264 1291 1307 1323 et
1328 1279 1528 1338 proprie—

254 1365 342 1401 tate
372 1355 544 1417 spiritus
574 1354 657 1411 sui,
687 1365 869 1401 mutent.
910 1352 1185 1412 Quibusdam
1212 1350 1328 1396 enim
1357 1350 1530 1411 placet,

255 1443 348 1475 non
383 1427 572 1475 faciendi
600 1427 738 1474 mellis
775 1426 995 1473 scientiam
1028 1424 1111 1470 effe
1150 1423 1263 1482 illis,
1302 1423 1373 1469 sed
1402 1423 1531 1470 colli-

256 1503 403 1565 gendi.
433 1502 567 1550 Aiunt
587 1501 779 1551 inveniri
798 1501 912 1563 apud
944 1500 1073 1545 Indos
1092 1499 1175 1545 mel
1202 1498 1246 1543 in
1265 1498 1532 1544 arundinum

257 1574 406 1631 foliis,
433 1576 557 1638 quod
587 1588 660 1621 aut
680 1592 753 1621 ros
777 1574 888 1620 illius
916 1572 1029 1619 coeli
1051 1609 1063 1625 ,
1098 1587 1168 1617 aut
1198 1570 1329 1633 ipsius
1360 1571 1534 1617 arundi-

258 1647 326 1694 nis
349 1647 512 1694 humor
537 1647 675 1694 dulcis
700 1659 742 1692 et
763 1646 968 1709 pinguior
992 1646 1150 1708 gignat.
1182 1647 1227 1689 ln
1253 1642 1406 1689 nostris
1425 1660 1534 1707 quo-

258 1737 345 1784 que
375 1720 521 1767 herbis
547 1720 640 1767 vim
673 1720 884 1777 eandem,
917 1719 990 1767 sed
1018 1720 1161 1765 minus
1189 1715 1459 1765 manifestam
1491 1728 1535 1764 et

261 1793 496 1840 notabilem
525 1793 631 1855 poni
652 1810 663 1838 :
686 1805 818 1855 quam
839 1794 1120 1854 persequatur
1138 1802 1180 1836 et
1201 1790 1426 1837 contrahat
1445 1789 1536 1835 ani-

262 1868 349 1914 mal
378 1866 480 1913 huic
509 1866 573 1913 rei
605 1866 813 1929 genitum.
845 1865 1038 1925 Quidam
1069 1863 1338 1919 existimant,
1376 1863 1535 1909 condi-

262 1951 357 1987 tura
381 1953 424 1986 et
447 1937 728 2001 dispositione
756 1936 800 1983 in
832 1936 946 1983 hane
971 1935 1221 2000 qualitatem
1254 1934 1396 1989 verti,
1425 1952 1537 1997 quae

263 2029 319 2059 ex
331 2011 577 2059 tenerrimis
593 2009 830 2057 virentium
851 2007 1195 2071 florentiumque
1215 2007 1535 2069 decerpserint:

263 2102 356 2132 non
392 2086 487 2145 fine¹
512 2086 739 2148 quodam,
770 2098 818 2130 ut
849 2083 907 2129 ita
941 2082 1082 2129 dicam
1103 2119 1117 2140 ‚
1154 2083 1372 2129 fermento
1403 2100 1415 2128 ε
1444 2099 1538 2145 quo

264 2159 311 2205 in
333 2175 471 2205 unum
497 2158 670 2206 diversa
696 2155 956 2203 coalescunt.
984 2156 1068 2202 Sed
1086 2172 1138 2202 ne
1166 2156 1219 2202 ad
1242 2154 1383 2209 aliud,
1405 2171 1539 2218 quam

265 2231 319 2277 de
349 2247 443 2295 quo
469 2231 637 2295 agitur,
674 2230 891 2285 abducar,
926 2245 1007 2276 nos
1047 2245 1230 2293 quoque
1273 2245 1376 2291 apes
1405 2228 1540 2275 debe-

267 2320 363 2350 mus
385 2303 569 2361 imitari,
588 2317 630 2351 et
650 2319 932 2368 quaecunque
955 2318 1010 2348 ex
1027 2303 1196 2350 diversa
1221 2302 1408 2349 leffione
1427 2317 1538 2349 con-

268 2375 493 2438 geffimus,
520 2377 731 2439 separare.
761 2375 913 2422 melius
941 2375 1058 2422 enim
1086 2374 1279 2422 distin&
1300 2374 1540 2423 servantur.
1567 2415 1569 2422 ,

264 2448 445 2496 Deinde
463 2449 653 2498 adhibita
681 2448 846 2515 ingenii
863 2447 1003 2498 nostri
1026 2465 1130 2498 cura
1157 2462 1202 2498 et
1229 2447 1462 2506 facultate,
1494 2445 1541 2494 in
