1807 3004
542 200 1130 247 EPISTOLAE.
1417 214 1478 260 37

193 310 297 374 quid
316 309 516 356 futurum
540 307 602 354 fit.
639 307 772 353 hodie
792 306 900 352 nihil
922 306 1087 369 negotii
1117 304 1256 351 habet.
1279 307 1336 351 At
1361 307 1479 352 enim
1542 364 1545 370 k

194 384 387 431 futurum
415 382 488 428 est.
533 382 729 427 Primum
758 380 947 443 dispice,
985 396 1040 426 an
1071 393 1190 427 certa
1222 392 1479 441 argumenta

195 455 276 502 {int
304 454 476 502 venturi
504 454 618 500 mali.
649 453 909 516 plerumque
928 453 1045 499 enim
1065 450 1391 514 suspicionibus
1416 451 1480 497 la-

191 529 397 575 boramus
411 562 422 584 ,
439 537 482 574 et
502 526 644 572 illudit
669 525 796 572 nobis
817 525 886 571 illa
901 560 914 583 ‚
934 541 1044 588 quae
1065 523 1290 571 conficere
1311 523 1478 570 bellum

192 600 324 656 solet,
352 599 465 644 fama
490 615 500 644 :
529 599 669 644 multo
699 609 845 644 autem
877 598 1014 662 magis
1048 599 1238 662 singulos
1276 596 1474 646 conficit.

193 675 252 719 Ita
273 672 358 730 est,
380 671 440 718 mi
459 671 607 717 Lucili.
629 671 718 718 cito
743 671 994 718 accedimus
1021 671 1251 734 opinioni,
1283 687 1374 716 non
1400 687 1481 717 coe

191 748 412 810 arguimus
441 747 509 793 illa
528 779 542 801 ‚
572 763 682 810 quae
719 762 798 792 nos
829 746 878 792 in
906 759 1074 794 metum
1110 747 1364 794 adducunt:
1394 762 1476 794 nee

191 820 462 878 excutimus,
486 820 558 867 sed
589 818 855 882 trepidamus
878 838 889 866 :
919 833 963 867 et
990 820 1047 867 fic
1072 819 1284 866 vertimus
1321 831 1443 881 terga
1459 853 1477 877 ‚

188 893 566 956 quemadmodum
600 893 691 948 illi,
719 909 831 956 quos
860 893 1007 956 pulvis
1039 904 1184 939 motus
1211 891 1309 954 fuga
1338 908 1478 952 peco-

191 981 314 1022 rum,
343 965 462 1012 exuit
486 965 654 1024 castris,
687 979 762 1012 aut
787 981 900 1028 quos
924 965 1068 1028 aliqua
1096 963 1237 1010 fabula
1258 963 1343 1010 stne
1373 981 1479 1011 auc-

191 1051 288 1084 tore
314 1038 451 1100 sparsa
477 1039 733 1086 conterruit·
756 1037 920 1085 Nescio
942 1038 1176 1101 quomodo
1200 1037 1335 1100 magis
1361 1053 1476 1084 vana

190 1112 458 1173 perturbant.
486 1128 589 1159 vera
612 1112 728 1158 enim
754 1111 938 1158 modum
967 1110 1088 1157 suum
1117 1111 1278 1157 babent
1301 1129 1311 1156 :
1340 1111 1472 1173 quid-

191 1182 297 1246 quid
320 1200 373 1229 ex
402 1184 571 1231 incerto
603 1184 756 1239 venit,
786 1184 1061 1231 coniecturae
1088 1196 1131 1230 et
1161 1183 1359 1230 licentiae
1394 1200 1475 1245 pa·-

190 1255 333 1302 ve-ntis
359 1257 493 1303 animi
528 1257 724 1305 traditur.
765 1256 886 1303 Nulli
919 1257 1064 1319 itaque
1092 1271 1176 1303 tam
1207 1255 1475 1318 perniciosi,

189 1340 276 1375 tam
307 1328 643 1383 irrevocabiles,
666 1342 796 1391 quam
819 1327 1079 1391 lymphatici
1105 1339 1245 1374 metus
1275 1327 1380 1374 lime.
1401 1344 1474 1374 ce-

188 1401 270 1446 teri
297 1401 414 1447 enim
441 1400 527 1447 fine
558 1400 751 1456 ratione,
779 1399 826 1444 hi
853 1397 940 1443 fine
968 1411 1112 1444 mente
1143 1398 1247 1444 sunt.
1276 1398 1471 1460 Inquira-

190 1489 287 1519 mus
313 1474 456 1535 itaque
473 1473 518 1519 in
547 1490 639 1520 rem
660 1472 903 1535 diligenter.
926 1470 1172 1516 Vei-xlimile
1196 1470 1255 1516 est
1273 1504 1285 1525 ‚
1307 1471 1471 1533 aliquid
1513 1491 1515 1493 ·

188 1547 383 1594 futurum
408 1547 539 1594 mali?
572 1564 663 1593 non
699 1546 836 1592 statim
867 1563 1020 1592 verum
1055 1544 1128 1592 est.
1164 1547 1308 1605 Quam
1340 1546 1472 1595 multa,

189 1636 280 1666 non
300 1618 539 1682 exspectata
561 1634 795 1676 venerunt,
813 1635 944 1680 quam
964 1618 1096 1663 multa
1111 1634 1162 1663 ex
1172 1617 1351 1681 spectata
1367 1634 1471 1663 nun-

188 1709 318 1756 quam
355 1692 731 1755 comparuerunt?
771 1692 911 1737 Etiam
952 1691 983 1736 fi
1014 1690 1209 1736 futurum
1242 1691 1326 1747 est,
1362 1691 1469 1754 quid

188 1766 312 1813 iuvat
335 1766 479 1813 dolori
505 1766 581 1813 suo
608 1769 871 1813 occurrere?
898 1764 993 1811 satis
1024 1764 1114 1811 cito
1145 1765 1311 1811 dolebis
1328 1801 1340 1821 ‚
1368 1779 1469 1812 cum

188 1838 387 1884 venerit:
414 1838 586 1885 interim
616 1838 692 1884 tibi
721 1839 901 1885 meliora
927 1836 1149 1900 promitte.
1184 1837 1308 1897 Quid
1339 1837 1470 1886 facies

187 1911 324 1958 lucri?
356 1926 543 1974 tempus.
578 1913 714 1958 Multa
738 1911 1244 1974 intervenient5quibus
1273 1912 1468 1961 vicinum

190 1986 435 2047 periculum
455 1986 523 2031 vel
547 2003 687 2049 prope
706 1986 955 2044 admotum,
978 1998 1048 2032 aut
1070 1986 1259 2032 subsistat
1276 2019 1288 2041 ³
1310 2000 1380 2032 aut
1398 1989 1469 2035 (le-

188 2058 320 2116 finat,
349 2071 423 2104 aut
458 2058 504 2104 in
534 2059 720 2105 alienum
747 2071 877 2122 caput
910 2058 1106 2106 transeat.
1137 2061 1389 2106 Incendium
1413 2061 1469 2108 ad

187 2130 338 2193 fugam
360 2130 496 2193 patuit
517 2148 527 2176 ε
550 2132 766 2193 quosdam
784 2131 976 2179 molliter
996 2131 1120 2178 ruina
1141 2133 1341 2195 deposuit
1359 2152 1368 2179 :
1393 2134 1469 2181 ali<-

187 2206 365 2268 quando
387 2205 553 2268 gladius
577 2207 630 2252 ab
648 2205 735 2269 ipsa
756 2207 930 2254 cervice
948 2222 1181 2256 revocatus
1203 2207 1260 2253 est
1282 2226 1290 2253 :
1312 2208 1470 2271 allquis

188 2279 380 2329 carnifici
407 2280 484 2326 suo
512 2280 716 2342 superstes
743 2281 841 2329 fuit.
865 2283 1008 2329 Habet
1035 2283 1164 2330 etiam
1190 2283 1301 2329 mala
1329 2282 1470 2330 fortu-

187 2368 241 2397 na
273 2353 508 2400 levitatem.
540 2352 716 2401 fortaffe
744 2354 854 2412 erit,
887 2354 1062 2401 fortasse
1089 2372 1178 2401 non
1206 2354 1320 2401 erit:
1352 2354 1470 2402 inte-

186 2425 271 2471 rim
301 2426 408 2472 dum
441 2443 532 2472 non
562 2427 622 2473 est
643 2462 656 2484 ,
680 2427 861 2474 meliora
884 2443 1102 2490 propone.
1132 2428 1470 2489 Nonnunquam

187 2497 312 2547 nuLlis
346 2499 658 2565 apparentibus
695 2499 846 2565 fignis,
882 2515 993 2566 quae
1026 2498 1154 2611 maliC
1164 2498 1330 2562 aliquid
1358 2513 1476 2564 pros}
