1780 2988
452 163 1064 229 'EPISTOLAE
1327 198 1416 243 379

151 291 209 337 est
237 308 248 337 ε
277 303 321 338 et
347 291 453 338 haec
481 301 621 336 autem
652 289 795 336 nostra
819 290 970 336 eadem
998 287 1087 343 est,
1125 285 1225 350 quia
1259 303 1311 333 ex
1347 289 1418 334 issa

148 363 220 410 est.
252 363 294 409 Si
326 364 380 410 de
411 364 496 408 hoc
527 363 640 408 inter
671 380 751 409 nos
783 363 1021 420 convenit,
1055 360 1246 424 sequitur
1279 373 1328 407 ut
1361 360 1415 407 de

146 438 219 483 illo
239 453 416 500 quoque
436 437 700 494 conveniat,
732 437 778 482 in
796 438 881 483 hoc
905 453 995 483 uno
1015 437 1196 498 positam
1215 434 1298 480 effe
1318 436 1417 480 bea-

145 522 232 556 tam
251 510 387 558 vitam
410 544 424 566 ‚
449 522 495 555 ut
514 510 557 554 in
577 511 704 556 nobis
721 511 833 556 ratio
855 509 1045 572 perfe&a
1065 507 1126 555 fit.
1162 509 1279 555 Haec
1297 507 1413 553 enim

13 583 232 656 '‘ssola
264 597 355 627 non
385 580 596 627 submittit
621 581 811 628 animum
829 614 843 636 ‚
868 581 946 628 stat
975 597 1131 627 contra
1159 579 1378 625 fortunam
1400 596 1413 625 ε

12 661 13 669 ’
143 652 188 699 in
220 653 413 717 quolibet
441 670 585 700 rerum
609 654 758 700 habitu
790 653 978 711 servata,
1006 653 1159 699 servat.
1196 653 1244 698 ld
1269 664 1412 698 autem

144 741 278 770 unum
310 725 478 770 bonum
513 724 601 780 est,
631 725 752 787 quod
787 741 1009 788 nunquam
1046 723 1318 786 defringitur.
1356 725 1421 780 Is,

142 794 320 857 inquam
340 830 354 852 ‚
387 795 564 853 beatus,
603 812 735 858 quem
769 795 884 841 nulla
915 812 983 841 res
1015 795 1234 841 minorem
1271 792 1376 839 facit
1405 811 1419 840 z

142 879 260 915 tenet
288 868 452 914 summa
470 903 484 926 ‚
504 883 546 915 et
570 886 625 915 ne
652 869 728 914 ulli
754 869 929 932 quidem
947 901 961 924 ,
993 868 1070 914 nisi
1095 867 1169 914 fibi
1185 902 1198 925 ‚
1227 866 1419 914 innixus.

141 941 253 986 Nam
290 940 364 1003 qui
402 940 549 1003 aliquo
585 941 752 988 auxilio
785 941 1044 997 sustinetur,
1078 939 1221 1004 potest
1249 941 1419 988 cad-ere.

142 1014 183 1059 Si
216 1013 335 1060 aliter
361 1013 448 1068 est,
469 1013 677 1075 incipient
707 1014 752 1060 in
778 1014 905 1060 nobis
930 1014 1115 1060 multum
1148 1013 1291 1060 valere
1327 1029 1419 1058 non

142 1086 298 1132 nostra.
328 1085 440 1146 Quis
465 1097 610 1131 autem
640 1087 733 1133 vult
762 1086 962 1133 constare
989 1086 1193 1141 fortuna,
1225 1096 1295 1130 aut
1321 1085 1420 1145 quis

140 1157 182 1203 se
206 1157 394 1219 prudens
417 1157 477 1203 ob
507 1157 644 1203 aliena
671 1157 878 1204 miratur?
915 1159 1038 1218 Quid
1057 1158 1117 1204 est
1141 1159 1261 1204 beata
1284 1155 1408 1204 vita?

140 1301 201 1346 mi
235 1301 518 1364 magnitudo,
561 1302 680 1347 dabit
714 1302 952 1347 constantia
987 1303 1097 1348 bene
1132 1301 1308 1347 iudicati
1348 1314 1418 1347 te-

141 1392 239 1421 nax.
262 1377 327 1421 Ad
354 1376 442 1421 hoc
475 1376 708 1437 quomodo
739 1375 1036 1437 pervenitur?
1075 1375 1105 1420 fi
1136 1375 1298 1421 veritas
1325 1386 1419 1420 tota

143 1448 364 1510 perspefla
391 1445 479 1501 est,
520 1446 548 1491 fi
579 1447 772 1494 servatus
805 1447 863 1493 est
895 1448 938 1494 in
968 1448 1095 1494 rebus
1129 1448 1305 1511 agendis
1343 1465 1418 1494 or-

142 1520 226 1573 do,
250 1519 436 1575 modus,
462 1518 597 1564 decor
614 1553 627 1576 ‚
653 1534 696 1565 et
715 1518 894 1565 innoxia
914 1521 1138 1576 voluntas,
1177 1535 1247 1566 aut
1265 1520 1419 1583 benig-

138 1609 221 1648 na,
249 1591 410 1637 intenta
439 1590 628 1648 rationi,
656 1608 737 1638 nec
765 1609 954 1654 unquam
988 1593 1042 1638 ab
1080 1592 1148 1638 illa
1177 1593 1416 1651 recedens,

137 1665 328 1711 amabilis
353 1665 503 1719 simul,
530 1664 837 1726 mirabilisque.
874 1665 1083 1728 Denique
1101 1700 1114 1722 ,
1141 1676 1189 1710 ut
1219 1665 1414 1712 breviter

136 1739 216 1786 tibi
248 1738 482 1785 formulam
514 1738 724 1797 scribam,
762 1739 854 1786 talis
885 1739 1056 1785 animus
1092 1739 1292 1801 sapientis
1327 1740 1414 1786 effe

138 1812 224 1861 viri
247 1813 399 1869 debet,
427 1812 564 1874 qualis
589 1813 739 1858 Deum
770 1812 934 1859 deceat.
979 1811 1102 1870 Quid
1128 1811 1268 1873 potest
1300 1812 1413 1858 defi-

137 1887 285 1932 derare
301 1885 357 1940 is,
375 1886 444 1932 cui
462 1885 610 1932 omnia
627 1884 811 1932 honesta>
828 1885 1114 1949 contingunt?
1134 1887 1246 1932 Nam
1267 1885 1295 1931 fi
1316 1887 1414 1948 pos·

137 1958 234 2005 sunt
263 1957 425 2019 aliquid
448 1974 539 2004 non
565 1957 743 2004 honesta
770 1958 974 2005 conferre
1003 1959 1056 2004 ad
1082 1959 1302 2021 optimum
1327 1960 1411 2006 sta-

137 2044 256 2087 tum,
285 2031 329 2075 in
349 2029 400 2078 iis
433 2030 514 2076 erit
540 2030 663 2076 beata
686 2030 803 2089 vita,
831 2030 918 2077 fine
944 2032 1103 2094 quibus
1131 2047 1220 2078 non
1249 2032 1321 2078 est.
1359 2035 1413 2080 Et

136 2103 243 2167 quid
266 2102 451 2159 stultius,
469 2103 723 2165 turpiusve‚
747 2121 877 2166 quam
900 2105 1064 2150 bonum
1083 2104 1303 2151 rationalis
1323 2105 1412 2151 ani·
1469 2137 1472 2140 »

135 2177 197 2222 mi
226 2192 278 2222 ex
306 2175 628 2223 irrationalibus
652 2177 844 2224 nectere?
874 2176 1068 2236 Quidam
1095 2190 1242 2223 tamen
1264 2178 1410 2241 augeri

134 2248 349 2294 summum
375 2247 540 2293 bonum
569 2247 786 2305 iudicant,
818 2248 919 2310 quia
946 2265 1098 2310 parum
1129 2249 1306 2311 plenum
1330 2250 1409 2311 fit,

135 2319 323 2366 fortuitis
339 2321 692 2382 repugnantibus.
711 2320 938 2382 Antipater
958 2336 1135 2383 quoque
1149 2356 1168 2376 ,
1185 2320 1297 2366 inter
1316 2338 1409 2368 ma-

135 2409 246 2457 gnos
270 2391 400 2439 sectae
425 2391 548 2440 huius
574 2393 794 2448 auftores,
819 2392 980 2455 aliquid
1007 2392 1047 2438 se
1079 2393 1272 2440 tribuere
1304 2394 1409 2442 dicit

136 2464 349 2525 externis,
371 2462 441 2511 sed
465 2464 672 2528 exiguum
699 2463 956 2511 admodum.
974 2466 1016 2510 V
1018 2464 1110 2512 ides
1131 2477 1273 2512 autem
1298 2481 1407 2528 qua-

140 1231 340 1278 securitas
363 1243 405 1277 et
435 1245 645 1293 perpetua
678 1233 974 1294 tranquillitas.
1012 1233 1138 1278 Hanc
1168 1231 1287 1275 dabit
1322 1229 1418 1276 ani-
1488 1284 1501 1298 ι
