1797 2956
333 157 419 217 176
564 157 612 202 L.
665 155 963 201 ANNAEI
1016 155 1376 202 SENECAE

325 262 540 308 Morbum
570 253 838 308 morte'non
866 260 1056 324 fugiam,
1085 262 1308 308 dumtaxat
1338 259 1566 307 sanabilem
1589 295 1604 318 ‚

324 353 406 383 nec
446 336 712 382 officientem
748 334 937 379 animo:
971 350 1060 379 non
1093 333 1270 380 afferam
1308 334 1415 379 mihi
1452 351 1605 381 manus

323 423 506 473 propter
526 409 741 454 dolorem.
767 407 822 454 sle
848 406 989 464 mori,
1007 406 1127 453 vinci
1152 406 1226 453 est.
1259 408 1389 453 Hunc
1410 424 1555 454 tamen
1573 408 1607 454 ss

322 485 461 530 sciero
476 498 691 545 perpetuo
703 482 812 528 mihi
829 482 913 528 effe
927 481 1200 544 patiendum:
1213 483 1347 529 exibo
1367 499 1456 528 non
1476 497 1607 544 prop-

322 565 387 601 ter
416 554 586 616 ipsum,
625 553 695 600 sed
726 555 829 617 quia
859 553 1181 616 impedimento
1214 555 1320 600 mihi
1348 554 1515 601 futurus
1544 553 1607 600 est

323 629 377 674 ad
396 644 556 687 omne,
580 641 764 691 propter
784 629 905 690 quod
923 628 1106 674 vivitur.
1131 629 1376 676 Imbecillus
1398 628 1459 676 est
1480 643 1522 675 et
1541 628 1607 692 ig-

322 714 493 757 navus,
519 699 596 762 qui
627 711 809 762 propter
848 700 1050 746 dolorem
1077 700 1295 747 moritur:
1324 699 1496 758 stultus,
1531 699 1606 764 qui

323 771 491 819 doloris
522 773 647 819 causa
670 773 797 821 vivit.
837 774 923 820 Sed
949 773 993 819 in
1024 773 1203 837 longum
1231 789 1358 820 exeo.
1396 773 1455 819 est
1483 790 1606 837 prae-

321 857 439 891 terea
471 845 648 892 materia
681 862 791 908 quae
822 846 983 894 ducere
1011 846 1126 892 diem
1157 846 1300 909 poffit.
1331 849 1382 893 Et
1406 862 1606 910 quomo-

321 919 383 966 do
408 918 539 965 finem
568 919 686 966 vitae
706 919 938 982 imponere
959 920 1150 983 poterit,
1174 921 1249 984 qui
1278 919 1485 983 epistolae
1514 936 1606 965 non

320 992 495 1054 potest?
519 994 626 1039 Vale
648 1010 782 1058 ergo:
806 994 928 1058 quod
947 994 1150 1042 libentius
1168 1010 1301 1057 quam
1328 994 1485 1041 mortis
1501 1009 1604 1040 mo·-

319 1080 388 1111 ras
407 1064 592 1112 letsturus
610 1082 667 1113 es.

608 1197 1079 1242 EPISTOLA
1163 1194 1311 1241 LIX.

327 1321 571 1390 Voluptatis
601 1328 644 1376 δ’
677 1331 845 1376 Gaudii
869 1331 1083 1390 discrimen
1107 1347 1123 1374 .·
1141 1345 1262 1390 atque
1289 1331 1363 1376 lzoc
1395 1331 1607 1390 honestum

383 1406 546 1450 verbum
572 1402 658 1467 effi.
687 1406 857 1449 Laudat
877 1405 1017 1448 deinde
1027 1404 1173 1469 stilum
1194 1405 1350 1449 Lucilii
1363 1439 1379 1461 ,
1404 1403 1447 1451 G*
1463 1406 1607 1466 plzilo-

369 1473 508 1534 prlzo
529 1477 648 1519 verba
671 1477 765 1519 item
802 1491 887 1519 non
928 1477 1169 1537 negligenda
1180 1494 1201 1531 ,·
1231 1477 1442 1521 amandas
1477 1477 1605 1521 etiam

379 1547 610 1605 parabolas
639 1562 760 1606 atque
784 1547 1007 1608 imagines.
1033 1549 1146 1591 Serio
1165 1561 1300 1591 autem
1320 1581 1334 1603 ,
1367 1565 1454 1593 non
1482 1549 1608 1592 obiter

380 1619 766 1678 plzilosbplzana'mrz
792 1617 861 1681 eſjc':
889 1636 906 1663 .·
939 1638 1011 1665 nec
1045 1621 1169 1666 nobis
1196 1620 1292 1684 ipsts
1331 1622 1408 1667 cito
1429 1624 1604 1682 placen-

383 1693 496 1752 dum.
521 1709 622 1752 quae
651 1694 844 1738 adulatio
867 1709 946 1738 nos
969 1693 1120 1752 perdit.

319 1796 660 1912 MAGNAM
693 1881 749 1911 ex
786 1861 967 1926 epistola
999 1873 1071 1909 tua
1106 1862 1286 1926 percepi
1317 1862 1605 1925 voluptatem.

315 1936 521 1998 permitte
549 1937 666 1982 enim
689 1938 796 1983 mihi
827 1938 891 1984 uti
915 1937 1062 1984 verbis
1086 1937 1308 2000 publicis;
1342 1953 1423 1983 nec
1446 1937 1519 1982 illa
1549 1936 1606 1984 ad

313 2006 678 2071 significationem
704 2009 896 2056 Stoicam
923 2025 1101 2057 revoca.
1130 2009 1298 2056 Vitium
1331 2009 1416 2055 effe
1443 2008 1604 2070 volup-

317 2088 450 2127 tatem
478 2081 710 2128 credimus.
757 2081 819 2127 Sit
845 2081 972 2128 sane:
1014 2097 1178 2144 ponere
1205 2093 1348 2128 tamen
1372 2081 1496 2127 ‘illam
1526 2082 1601 2127 so-

313 2152 454 2199 {emus
473 2153 527 2198 ad
551 2153 930 2200 demonstrandam
950 2153 1084 2199 animi
1106 2154 1288 2201 hilarem
1308 2153 1601 2202 affeffionem.

313 2225 444 2284 Scio,
470 2225 647 2288 inquam
665 2262 679 2285 ‚
706 2242 750 2274 et
770 2227 1043 2290 voluptatem
1075 2225 1129 2291 (fi
1159 2228 1212 2273 ad
1239 2227 1437 2274 nostrum
1455 2227 1603 2273 album

314 2298 452 2344 verba
482 2298 751 2364 dirigimus)
791 2316 886 2347 rem
918 2299 1128 2348 infamem
1166 2301 1251 2348 effe
1269 2338 1285 2359 ,
1318 2314 1362 2349 et
1395 2301 1603 2365 gaudium

310 2373 391 2419 nifi
419 2374 598 2437 sapienti
629 2392 722 2422 non
742 2376 1013 2440 contingere.
1040 2376 1112 2423 Est
1143 2378 1263 2424 enim
1287 2376 1420 2423 animi
1451 2375 1600 2431 elatio,

308 2447 390 2496 suis
422 2448 550 2497 bonis
582 2449 836 2515 viribusque
867 2449 1055 2501 fidentiS.
1085 2451 1224 2518 vulgo
1254 2463 1401 2501 tamen
1432 2448 1490 2501 fic
1524 2449 1601 2500 loe
