1797 2956
333 200 424 246 3n
560 182 1382 231 L.ANNAEISENECAE

331 287 582 351 philosophi
612 298 841 335 noverant.
870 291 917 333 In
943 288 1319 336 commistionibus
1340 288 1496 338 nostris
1517 291 1610 353 plus

329 376 558 408 cantorum
595 359 680 414 est,
717 377 849 422 quam
887 360 933 405 in
965 361 1142 407 theatris
1179 361 1286 407 olim
1320 361 1610 424 speciatorum

328 431 424 478 fuit.
454 449 553 478 cum
584 449 739 479 ornnes
765 432 858 479 vias
886 433 1001 478 ordo
1032 433 1274 480 canentium
1307 435 1538 496 implevit,
1566 450 1608 484 et

327 522 461 551 cavea
491 497 791 552 aeneatoribus
823 506 963 554 einch}
998 504 1080 562 est,
1109 519 1152 551 et
1181 523 1234 552 ex
1266 509 1442 570 pulpito
1473 526 1605 558 omne

327 579 533 624 tibiarum
564 595 696 642 genus
728 595 1087 643 organorumque
1117 579 1373 637 consonuit,
1416 582 1464 629 fit
1494 601 1606 630 con-

326 663 479 698 centus
498 670 553 700 ex
575 653 764 700 dissonis.
793 653 945 699 Talem
967 654 1159 699 animum
1189 654 1273 700 effe
1301 657 1496 704 nostrum
1518 675 1606 706 vo-

325 727 396 782 lo,
413 739 458 773 ut
479 728 639 778 multae
658 728 701 774 in
722 729 797 774 illo
816 740 925 774 artes
940 763 953 786 ,
972 728 1106 774 multa
1128 744 1357 790 praecepta
1376 731 1476 789 fint,
1494 734 1605 779 mul-

325 813 469 845 tarum
504 813 695 847 aetatum
726 802 922 864 exempla
943 838 954 859 ,
990 800 1061 847 sed
1097 801 1140 846 in
1175 819 1311 847 unum
1349 803 1605 867 conspirata.

326 874 577 932 Quomodo
593 910 607 931 ‚
636 875 782 939 inquis
799 911 812 931 ,
842 876 928 922 hoc
948 874 1058 922 effici
1079 875 1270 938 poterit?
1290 875 1447 923 affidua
1463 877 1604 924 inten-

323 947 447 995 tione
469 967 481 997 :⁷
507 949 534 994 fi
562 950 664 998 nihil
684 951 926 1014 egerimus,
953 950 1029 996 nisi
1050 950 1219 996 ratione
1249 950 1466 998 suadente.
1494 952 1605 999 hanc

321 1020 353 1066 fi
380 1022 528 1071 audire
554 1025 770 1081 volueris,
802 1026 917 1075 dicet
942 1024 1022 1070 tibi
1044 1042 1055 1071 :
1087 1014 1302 1087 Relinque
1327 1026 1402 1071 ista
1431 1026 1602 1072 iamdu-

322 1094 451 1152 dum,
479 1095 533 1140 ad
555 1113 664 1159 quae
683 1095 953 1146 discurritur.
980 1096 1176 1159 relinque
1207 1098 1408 1155 divitias,
1435 1112 1506 1145 aut
1522 1115 1602 1160 pe-

321 1167 507 1214 ticulum
539 1170 846 1231 possidentium
867 1207 880 1228 ‚
911 1184 984 1218 aut
1013 1188 1138 1217 onus.
1169 1170 1367 1233 relinque
1401 1173 1603 1233 corporis

320 1254 451 1303 atque
469 1241 601 1287 animi
622 1243 868 1306 voluptates
890 1262 900 1288 2
922 1244 1127 1289 molliunt
1147 1256 1189 1289 et
1216 1256 1438 1289 enervant.
1467 1244 1600 1290 relin-

319 1331 406 1377 que
436 1316 651 1362 ambitum
673 1335 684 1362 ε
706 1317 870 1363 tumida
898 1333 963 1363 res
987 1315 1046 1362 est
1063 1353 1075 1373 ‚
1100 1333 1238 1373 vana,
1274 1316 1470 1363 ventosa.
1503 1317 1600 1364 nul-

318 1389 409 1433 lum
443 1389 571 1436 habet
598 1389 846 1454 terminum.
872 1401 960 1435 tam
986 1389 1148 1436 solicita
1171 1388 1231 1434 est
1263 1405 1317 1434 ne
1345 1404 1474 1450 quem
1503 1404 1600 1436 ante

319 1458 362 1509 se
388 1460 559 1519 videat,
591 1480 720 1526 quam
755 1481 808 1510 ne
840 1463 937 1526 post
967 1462 1008 1510 fe
1038 1462 1186 1508 alium.
1215 1462 1381 1512 laborat
1406 1462 1596 1519 invidia,

316 1544 361 1579 et
378 1535 554 1597 quidem
576 1536 750 1600 duplici.
769 1537 904 1584 Vides
925 1549 1067 1582 autem
1089 1552 1217 1600 quam
1239 1535 1367 1582 miser
1388 1535 1437 1582 fit
1454 1536 1509 1593 is,
1527 1536 1596 1583 cui

316 1607 565 1668 invidetur,
586 1610 615 1656 s1
635 1623 678 1656 et
701 1611 898 1658 invidet?
925 1612 1110 1657 Intueris
1135 1609 1225 1656 illas
1249 1611 1495 1673 potentium
1514 1611 1598 1658 do·-

316 1695 442 1738 mos,
461 1680 531 1727 illa
548 1681 812 1729 tumultuosa
826 1717 839 1740 ,
857 1682 947 1729 rixa
968 1681 1262 1739 salutantium,
1284 1681 1463 1728 limina?
1484 1683 1597 1728 mul-

314 1762 409 1799 tum
443 1755 607 1805 habent
634 1755 997 1804 contumeliarum
1017 1791 1030 1812 ,
1061 1767 1109 1801 ut
1143 1755 1302 1801 intres:
1336 1755 1463 1818 plus,
1492 1773 1594 1802 cum

313 1825 558 1875 intraveris.
586 1828 776 1874 Praeteri
805 1827 909 1873 istos
936 1829 1093 1890 gradus
1117 1827 1330 1882 divitum,
1362 1843 1405 1874 et
1433 1820 1609 1891 magno*

312 1899 484 1962 aggestu
509 1894 708 1964 suspensa
731 1901 954 1948 vestibula.
985 1917 1076 1946 non
1105 1899 1149 1945 in
1168 1912 1404 1962 praerupto
1422 1913 1592 1947 tantum

313 1971 405 2018 istic
425 1972 574 2029 stabis,
603 1972 741 2022 sedin
764 1972 950 2020 lubrico.
983 1973 1082 2018 Huc
1109 1971 1253 2034 potius
1279 1987 1320 2018 te
1341 1971 1395 2018 ad
1422 1971 1591 2035 sapien-

265 2106 269 2108 ῃ
311 2044 418 2090 tiam
437 2044 600 2109 dirige,
624 2043 1070 2109 tranquilliffimasque
1096 2061 1165 2092 res
1181 2081 1194 2101 ‚
1213 2059 1256 2091 et
1275 2043 1397 2091 limul
1413 2061 1479 2091 am
1485 2044 1591 2108 plis-

311 2116 437 2164 fimas
451 2154 467 2175 ,Δ
490 2131 600 2180 pete.
630 2120 932 2181 Quaecunque
962 2118 1165 2165 videntur
1189 2117 1382 2164 eminere
1399 2117 1445 2163 in
1466 2118 1592 2166 rebus

309 2190 538 2248 humanis,
563 2190 765 2254 quamvis
789 2190 937 2253 pufilla
954 2189 1061 2247 sint,
1087 2207 1130 2237 et
1148 2190 1476 2253 comparatione
1506 2191 1588 2237 hu-

311 2264 599 2312 millimorum
629 2264 823 2322 exstent,
853 2281 930 2327 per
957 2265 1152 2312 difficiles
1181 2278 1327 2313 tamen
1359 2277 1402 2311 et
1430 2267 1594 2313 arduos,

309 2336 504 2383 tramites
521 2337 748 2395 adeuntur.
773 2335 1045 2398 Confragosa
1065 2336 1108 2382 in
1140 2335 1352 2400 fastigium
1373 2335 1588 2400 dignitatis

310 2409 383 2453 via
415 2409 487 2454 est.
520 2413 576 2455 At
599 2409 629 2455 fi
651 2408 941 2456 conscendere
973 2410 1089 2457 hunc
1106 2409 1319 2458 verticem
1349 2409 1485 2468 libet,
1514 2408 1586 2456 cui

310 2481 351 2533 fe
371 2482 544 2530 fortuna
563 2482 753 2534 submisit
769 2501 780 2532 a
799 2483 952 2532 omnia
978 2483 1155 2551 quidem
1174 2482 1251 2532 sub
1278 2498 1320 2532 te
1340 2518 1355 2544 ‚
1373 2498 1482 2551 quae
1500 2498 1589 2549 pro
