1807 3004
562 190 1125 237 EPtsTOLAE‚
1396 203 1483 252 245

219 296 293 359 qui
317 296 417 343 huic
444 297 485 343 se
509 296 711 358 opinioni
739 297 936 343 credidit.
959 312 1049 341 non
1072 294 1188 342 enim
1213 294 1384 341 beatum
1411 295 1488 353 est,

216 370 292 416 nisi
328 371 447 433 quod
478 370 755 431 intrepidum.
787 370 898 416 inter
927 369 1116 430 suspeEki
1155 368 1264 413 male
1303 369 1486 417 vivitur.

216 444 426 504 Quisquis
455 443 496 489 se
526 443 710 490 multum
742 443 933 489 fortuitis
964 442 1114 498 dedit,
1157 441 1375 504 ingentem
1409 442 1487 489 sibi

215 516 434 561 materiam
471 516 838 577 perturbationis,
873 530 915 561 et
948 514 1305 575 inexplicabilem
1337 514 1441 561 fecit
1472 532 1489 561 τ

215 604 298 633 una
318 588 423 634 haec
448 589 518 634 via
543 588 604 635 est
621 589 673 635 ad
699 601 788 635 tuta
808 588 1012 643 vadenti,
1043 603 1086 633 et
1109 601 1283 633 externa
1300 585 1486 648 dispice-

213 676 282 716 re,
304 675 348 707 et
366 661 550 708 honesto
573 673 827 709 contentum
848 661 945 708 effe.
979 661 1093 706 Nam
1112 660 1188 723 qui
1209 659 1370 721 aliquid
1394 659 1486 705 vir-

213 744 304 779 tute
333 734 483 780 melius
506 747 655 796 putat,
686 747 759 780 aut
787 734 921 780 ullum
959 746 1127 795 praeter
1147 732 1262 777 illam
1290 732 1487 785 bonum;

213 805 266 850 ad
294 806 398 852 haec
432 824 542 865 quae
572 824 595 853 a
627 806 804 853 fortuna
836 807 1119 870 sparguntur,
1151 804 1290 852 sinum
1320 822 1485 867 expan—

212 876 302 934 dit,
331 892 374 924 et
402 878 592 925 solicitus
626 879 791 925 missilia
821 880 914 926 eius
952 878 1179 940 exspeRat.
1215 878 1340 923 Hanc
1372 877 1482 922 ima·-

210 948 352 1010 ginem
382 950 530 996 animo
553 966 630 996 tuo
659 968 862 1013 propone
880 951 1036 1008 ,ludos
1064 949 1205 995 facere
1230 948 1450 993 fortumm
1466 981 1482 1003 ,

210 1036 253 1068 et
289 1023 334 1068 in
367 1023 480 1069 hunc
517 1024 765 1069 mortalium
801 1034 976 1070 coetum
1013 1022 1234 1077 honores,
1270 1021 1441 1068 divitias
1466 1058 1481 1078 ,

208 1095 387 1157 gratiam
417 1108 616 1144 excutere
648 1114 660 1142 ε
692 1113 882 1159 quorum
913 1096 993 1141 alia
1029 1095 1140 1140 inter
1178 1093 1482 1155 diripientium

207 1184 362 1214 manus
396 1167 514 1215 scissa
548 1169 673 1225 sunt,
703 1169 784 1215 alia
815 1167 945 1212 infida
970 1166 1177 1213 societate
1209 1166 1373 1222 divisa,
1401 1167 1483 1215 alia

207 1255 370 1301 magno
412 1239 676 1286 detrimento
716 1255 870 1285 eorum
893 1275 905 1296 ,
951 1239 996 1284 in
1031 1254 1143 1301 quos
1177 1239 1442 1284 devenerant
1465 1274 1480 1294 ,

207 1310 391 1372 prensa:
416 1328 471 1358 ex
500 1313 655 1375 quibus
685 1314 894 1376 quaedam
927 1313 1041 1358 aliud
1058 1312 1285 1374 agentibus
1312 1311 1480 1360 incide-
1510 1316 1511 1319 ’

205 1396 333 1440 runt,
358 1385 568 1446 quaedam
605 1386 706 1448 quia
738 1387 864 1433 nimis
891 1386 1198 1447 captabantur,
1233 1385 1403 1441 amiffa,
1436 1400 1480 1434 et

205 1458 307 1503 dum
326 1458 455 1503 avide
477 1459 719 1520 rapiuntur,
739 1460 903 1506 exc-uffa
923 1460 1027 1505 sunt.
1055 1457 1174 1503 Nulli
1194 1473 1332 1515 vero„
1347 1459 1505 1506 etiam*

204 1529 273 1575 cui
298 1530 446 1592 rapina
470 1530 653 1579 feliciter
681 1531 799 1578 ceffit
816 1567 828 1587 ,
859 1532 1063 1593 gaudium
1096 1529 1207 1591 rapti
1238 1530 1410 1576 duravit
1429 1532 1476 1578 in

203 1600 439 1663 posterum,
471 1604 617 1665 Itaque
642 1603 991 1665 prudentissimus
1018 1601 1231 1664 quisque,
1260 1618 1357 1647 cum
1390 1602 1478 1664 pri*

202 1689 326 1720 mum
360 1674 509 1731 induci
541 1674 661 1723 videt
688 1675 940 1722 munuscula
958 1711 971 1731 ‚
1001 1691 1025 1720 a
1060 1675 1231 1720 theatro
1261 1672 1396 1737 fugit,
1432 1690 1477 1722 et

202 1745 278 1793 scit
303 1763 464 1810 magno
486 1765 622 1810 parva
652 1748 864 1796 constare.
904 1749 1053 1794 Nemo
1081 1764 1256 1793 manum
1284 1747 1476 1796 conserit

199 1835 300 1865 cum
326 1821 588 1883 excedente,
611 1838 745 1867 nemo
774 1832 999 1868 exeuntem
1031 1820 1166 1869 ferit:
1203 1820 1314 1866 circa
1347 1837 1474 1882 prae-

200 1891 337 1937 mium
357 1891 447 1938 rixa
464 1892 538 1940 est.
567 1893 685 1941 Idem
711 1893 756 1939 in
782 1894 849 1939 his
875 1893 1026 1939 evenit
1041 1929 1053 1949 ,
1077 1909 1186 1955 quae
1205 1891 1378 1938 fortuna
1399 1894 1474 1940 de-

200 1964 325 2026 super
350 1965 489 2013 ia3at.
519 1966 757 2014 aestuamus
789 1967 961 2025 miseri,
995 1966 1318 2029 distringimur,
1355 1967 1472 2013 mul-

199 2046 261 2081 tas
287 2036 446 2084 habere
478 2037 677 2099 cupimus
705 2054 858 2084 manus
879 2055 889 2084 :
911 2037 1049 2083 modo
1079 2037 1123 2083 in
1155 2038 1273 2083 hunc
1291 2073 1304 2094 ‚
1333 2038 1471 2084 modo

200 2107 245 2152 in
271 2107 392 2154 illum
418 2109 697 2171 respicimus:
719 2109 852 2156 nimis>
873 2110 992 2156 tarde
1019 2109 1147 2156 nobis
1174 2108 1286 2155 mitti
1316 2110 1473 2159 viden-

200 2191 288 2236 tur,
310 2197 420 2243 quae
439 2181 692 2243 cupiditates
716 2181 879 2228 nostras
900 2181 1092 2235 irritant,
1112 2182 1165 2228 ad
1184 2199 1348 2243 paucos
1367 2199 1472 2243 per·

198 2266 411 2311 ventura,
440 2254 678 2317 exspeE'tata
710 2255 930 2302 omnibus.
959 2258 1026 2301 Ite
1060 2255 1239 2301 obviam
1269 2254 1467 2302 cadenti-

196 2324 275 2371 bus
311 2325 509 2388 cupimus
536 2342 547 2372 ε
582 2327 818 2390 gaudemus
845 2327 874 2372 fi
902 2326 1012 2389 quid
1037 2327 1274 2374 invasimus
1304 2345 1314 2372 :
1349 2326 1468 2373 invi«-

195 2398 388 2461 dentque
407 2399 502 2456 alii,
526 2415 636 2461 quos
657 2399 750 2462 spes
775 2416 887 2446 vana
911 2399 1076 2446 delusit.
1099 2395 1234 2447 rilem
1257 2400 1463 2461 praedam

195 2485 355 2533 magno
373 2470 520 2535 aliquo
539 2472 831 2520 incommodo
856 2471 1012 2519 luimus
1024 2504 1043 2528 ,,
1057 2486 1130 2519 aut
1147 2471 1247 2519 inde
1264 2472 1469 2522 fallimur,

1147 2545 1253 2605 <23
