1807 3004
1538 101 1549 129 ἐ

593 197 1182 250 EplsTOLAE.
1495 211 1524 256 7

248 310 476 361 amicitiae.
498 311 571 357 Tu
591 325 701 358 vero
733 307 884 355 omnia
912 321 1012 354 cum
1038 304 1185 351 amico
1213 300 1429 356 delibera,
1455 301 1529 347 sed

248 389 303 435 de
328 387 424 450 ipso
452 385 584 449 prius.
617 382 716 430 Post
748 380 983 429 amicitiam
1012 378 1280 426 credendum
1307 377 1393 433 est,
1427 389 1526 425 ante

249 460 484 508 amicitiam
515 457 813 505 iudicandum.
844 453 912 500 lsti
942 469 1052 502 vero
1082 449 1357 515 praepostere
1382 449 1529 496 officia

247 531 536 595 permiscent,
557 530 635 593 qui
658 543 810 575 contra
830 537 1057 589 praecepta
1081 522 1397 586 Theophrasti,
1426 540 1527 569 cum

247 603 509 660 amaverint,
535 602 751 655 iudicant;
779 614 822 646 et
851 614 941 644 non
969 609 1140 654 amant,
1172 613 1272 644 cum
1300 595 1526 643 iudicave-

248 676 348 722 rint.
378 675 472 720 Diu
503 673 674 735 cogita,
702 688 755 716 an
787 669 865 716 tibi
893 669 937 714 in
965 668 1200 714 amicitiam
1235 666 1390 729 aliquis
1419 666 1529 715 reci-

248 748 431 808 piendus
452 747 530 792 fit:
565 762 663 792 cum
692 742 900 806 placuerit
929 740 1052 799 fieri,
1085 753 1185 787 toto
1206 739 1326 785 illum
1348 740 1528 801 pectore

247 819 426 866 admitte
459 836 469 864 ε
499 833 587 865 tam
615 818 816 864 audac'ter
846 832 946 863 cum
974 814 1053 861 illo
1071 814 1275 877 loquere,
1311 829 1439 875 quam
1460 828 1529 859 te·

248 909 363 940 curn.
387 893 459 938 Tu
479 891 657 953 quidem
684 890 742 936 ita
767 889 901 944 vive,
935 902 981 934 ut
1012 886 1117 933 nihil
1136 885 1387 933 committas
1406 921 1418 942 ‚
1452 884 1530 930 nifi

248 966 371 1028 quod
389 964 670 1011 committere
703 964 833 1010 etiam
861 961 1043 1008 inimico
1072 959 1202 1023 poffis
1222 977 1231 1005 τ
1255 959 1325 1005 sed
1345 957 1445 1020 quia
1464 957 1531 1003 in-

250 1037 499 1084 terveniunt
519 1037 754 1099 quaedam,
786 1051 897 1099 quae
927 1033 1199 1082 consuetudo
1219 1031 1322 1080 fecit
1342 1047 1498 1077 arcana
1516 1065 1531 1089 ,

224 1126 351 1155 -cum
387 1107 530 1155 amico
557 1124 712 1156 omnes
742 1124 893 1165 curas,
930 1123 1085 1154 omnes
1114 1106 1409 1169 cogitationes
1438 1115 1531 1151 tuas

248 1183 394 1229 misce.
425 1183 616 1229 Fidelem
643 1182 674 1229 fi
704 1181 948 1245 putaveris,
980 1181 1123 1229 facies.
1148 1172 1263 1227 Nam
1295 1179 1421 1226 multi
1452 1178 1533 1224 fal-

247 1255 334 1301 lere
353 1256 621 1312 docuerunt‚
639 1255 744 1301 dum
761 1256 918 1302 timent
936 1254 1050 1300 falli:
1069 1266 1112 1302 et
1130 1253 1223 1300 aliis
1234 1253 1300 1300 ius
1317 1249 1531 1314 peccandi

248 1327 503 1389 suspicando
522 1327 730 1374 fecerunt.
751 1327 872 1387 Quid
891 1326 952 1374 est
977 1343 1082 1390 ergo
1100 1326 1116 1373 ?
1138 1341 1271 1388 quare
1289 1324 1374 1370 ulla
1395 1324 1532 1370 verba

248 1418 397 1448 coram
418 1401 562 1448 amico
581 1417 684 1447 meo
700 1401 945 1447 retraham?
971 1400 1078 1463 quid
1093 1398 1174 1453 est,
1201 1415 1334 1460 quare
1354 1413 1422 1443 me
1447 1413 1530 1444 co-

246 1490 337 1519 ram
371 1473 448 1519 illo
481 1489 573 1518 non
602 1484 751 1534 putem
784 1472 954 1518 solum?
991 1471 1187 1531 Quidam
1217 1485 1330 1532 quae
1359 1481 1530 1515 tantum

247 1546 398 1592 amicis
414 1545 728 1594 committenda
748 1545 843 1591 sunt
858 1581 871 1602 ‚
891 1543 1038 1591 obviis
1053 1554 1252 1599 narrant,
1271 1553 1313 1587 et
1334 1541 1379 1587 in
1398 1558 1529 1603 quas-

246 1619 352 1667 libet
369 1635 492 1666 aures
509 1651 524 1675 ,
554 1617 769 1682 quidquid
790 1617 889 1666 illos
914 1616 1027 1673 urit,
1054 1627 1294 1664 exonerant
1315 1631 1326 1660 ε
1347 1615 1529 1676 quidam

248 1691 391 1738 rursus
410 1692 539 1738 etiam
557 1689 871 1738 cariffimorum
890 1688 1200 1736 conscientiam
1219 1686 1529 1745 reformidant,

249 1778 316 1819 et,
337 1764 367 1810 fi
387 1764 584 1828 possent,
602 1781 657 1812 ne
684 1763 760 1810 fibi
777 1765 956 1827 quidem
978 1762 1208 1820 credituri,
1233 1762 1411 1808 interius
1429 1779 1528 1824 pre-

249 1852 374 1883 munt
385 1853 518 1882 omne
528 1836 751 1883 secretum.
766 1837 986 1883 Neutrum
1006 1834 1256 1882 faciendum
1271 1833 1343 1882 est.
1360 1846 1531 1880 utrum-

249 1926 337 1972 que
367 1910 483 1957 enim
502 1910 660 1957 vitium
681 1909 741 1956 est
759 1945 771 1966 ,
798 1923 840 1956 et
862 1909 1071 1954 omnibus
1089 1908 1269 1956 credere
1289 1944 1302 1964 ‚
1330 1919 1371 1952 et
1392 1907 1496 1953 nulli
1520 1924 1532 1953 :

248 1980 323 2027 sed
340 1982 522 2027 alterumv
538 1981 758 2028 honestius
776 1981 957 2027 dixerim
981 1980 1137 2028 vitium
1152 2016 1166 2037 ‚
1184 1980 1363 2026 alterum
1383 1979 1529 2027 tutius,

252 2052 324 2100 Sic
342 2053 550 2116 utrosque
569 2053 858 2116 reprehendas
873 2090 886 2112 ,
905 2065 948 2100 et
966 2069 1044 2100 eos
1060 2052 1137 2116 qui
1160 2052 1326 2114 semper
1345 2051 1532 2113 inquieti

251 2125 373 2181 sunt,
403 2138 446 2172 et
464 2141 541 2171 eos
561 2126 635 2188 qui
665 2124 834 2188 semper
853 2125 1093 2189 quiescunt.
1114 2126 1230 2170 Nam
1251 2123 1323 2169 illa
1342 2123 1533 2169 tumultu

248 2200 458 2264 gaudens,
476 2217 566 2246 non
583 2200 642 2246 est
662 2200 885 2257 industria,
903 2200 977 2248 sed
995 2200 1233 2264 exagitatae
1248 2197 1405 2245 mentis
1423 2214 1536 2244 con-

251 2274 462 2320 cursatio:
482 2286 522 2320 et
542 2274 648 2320 haec
669 2290 760 2320 non
779 2273 837 2320 est
854 2274 975 2337 quies
989 2307 1003 2329 ‚
1025 2290 1135 2338 quae
1152 2285 1323 2320 motum
1349 2287 1534 2319 omnem

251 2344 493 2391 molestiam
524 2345 712 2402 iudicat,
745 2345 815 2392 sed
834 2345 1061 2391 dissolutio
1089 2359 1133 2391 et
1153 2345 1353 2407 languor.
1382 2346 1535 2406 Itaque

251 2419 340 2465 hoc
364 2419 486 2481 quod
504 2420 617 2482 apud
638 2418 931 2480 Pomponium
951 2418 1060 2482 legi,
1087 2418 1236 2464 animo
1255 2430 1335 2465 tuo
1355 2418 1537 2464 manda-

252 2490 382 2540 bitur.
406 2491 597 2553 Quidam
620 2493 732 2541 adeo
757 2492 804 2540 in
822 2492 1004 2541 latebras
1021 2492 1272 2604 refugeipnt
1286 2528 1299 2551 ,
1316 2508 1364 2541 ut
1379 2502 1534 2557 putent

1250 2574 1282 2617 4
