1807 3004
537 201 1114 249 EPISTOLAE.
1372 219 1463 267 327

192 308 326 356 tabis:
352 308 395 354 in
415 325 500 372 qua
518 307 651 354 didici
682 310 736 356 ab
765 310 944 372 Aegialo
973 309 1294 373 diligentissimo
1320 325 1465 373 patre-

191 383 374 429 familiae
393 382 453 446 (is
471 382 587 427 enim
605 399 721 429 nime
738 384 863 430 huius
877 384 965 447 agri
984 384 1196 445 possessor
1213 384 1292 443 est)
1310 402 1464 447 quam-

190 456 259 502 vis
279 469 403 501 vetus
427 454 646 500 arbustum
678 455 796 517 poffe
821 455 1059 502 transferri,
1082 457 1181 502 Hoc
1207 457 1332 503 nobis
1351 456 1462 503 seni-

189 527 271 573 bus
289 526 451 572 discere
471 526 752 587 neceffarinm
771 526 858 582 est,
885 543 1077 589 quorum
1107 544 1239 573 nemo
1261 545 1352 574 non
1377 529 1463 574 oli-

190 614 337 646 vetum
357 599 474 646 alteri
500 600 639 662 ponit.
660 600 803 660 Quod
820 600 925 655 vidi,
942 601 1030 646 hoc
1051 601 1153 646 dico
1177 620 1188 647 z
1206 602 1311 648 illud
1331 603 1464 648 arbo-

189 689 329 720 retum
362 674 538 719 trimum
559 687 632 719 aut
656 675 931 738 quadrimum
954 674 1183 722 fastidienti
1203 676 1364 722 fruEtus
1389 693 1466 725 au-

190 758 345 793 tumno
367 749 604 810 deponere.
631 760 673 794 te
700 765 880 811 quoque
901 760 1102 811 proteget
1122 748 1217 806 illa,
1247 766 1359 813 quae

261 882 402 926 Tarda
419 882 532 926 venit
547 916 559 937 ,
578 881 683 940 seris
693 881 862 939 fizflura
881 881 1094 940 nepotibus
1113 883 1297 926 umbram
1315 899 1343 937 ;·

192 1015 238 1050 tlt
256 1003 313 1050 ait
343 1003 547 1066 Virgilius
569 1001 715 1048 noster
735 1020 746 1048 ;
770 1002 843 1066 qui
870 1018 960 1049 non
985 1003 1091 1065 quid
1118 1003 1365 1064 veriffime,
1395 1007 1469 1054 sed

191 1074 297 1136 quid
316 1074 608 1120 decentiffime
631 1074 850 1120 diceretur
865 1109 877 1130 ‚
901 1074 1122 1136 adspexit3
1155 1093 1235 1123 nec
1256 1079 1476 1140 agricolas

192 1147 353 1193 docere
378 1147 551 1204 voluit,
581 1146 651 1193 sed
671 1146 858 1209 legentes
875 1147 1097 1194 deleffiare.
1129 1149 1239 1195 Nam
1271 1148 1350 1213 (ut
1370 1167 1472 1197 omov

193 1219 262 1266 nia
281 1218 492 1265 transeam
512 1217 533 1281 )
555 1219 641 1264 hoc
669 1220 787 1279 quod
817 1220 951 1267 hodie
974 1219 1081 1265 mihi
1103 1221 1269 1268 necesse
1295 1221 1381 1269 fuit
1398 1239 1472 1269 re·

193 1290 462 1352 prehendere
481 1326 494 1347 ‚
518 1289 756 1335 adscribam
780 1306 793 1334 a

264 1418 363 1460 Vere
371 1415 492 1474 fabis
505 1417 685 1482 fhtiocst
699 1452 714 1472 ,
744 1430 842 1461 tunc
862 1432 897 1461 te
913 1435 1065 1477 quoque
1085 1418 1241 1462 medica
1252 1434 1396 1479 putres

257 1489 609 1550 Aecipiuntfitlci
618 1521 634 1545 ‚
669 1487 711 1534 Er
733 1491 845 1534 milio
861 1491 972 1534 venit
989 1508 1135 1535 annua
1153 1508 1262 1536 cura.

195 1614 264 1659 An
294 1629 387 1658 uno
414 1626 621 1675 temp-ore
639 1613 719 1659 ista·
740 1612 942 1674 ponenda
966 1612 1042 1658 fint
1062 1629 1081 1658 ε7
1098 1626 1140 1658 et
1168 1629 1230 1659 an⁴
1249 1614 1467 1676 utriusque

193 1702 327 1733 verna
349 1685 396 1730 fit
414 1685 545 1743 satio,
576 1687 676 1734 hinc
694 1685 889 1735 aestimes
910 1685 1023 1733 licet.
1052 1686 1198 1732 Iunius
1226 1688 1382 1734 mensis
1405 1687 1466 1732 est

192 1775 285 1821 quo
310 1758 391 1805 tibi
409 1758 573 1813 scribo,
601 1759 685 1805 iam
706 1759 928 1822 proclivus
945 1760 1174 1805 inlulium.
1208 1762 1374 1806 Eodem
1395 1758 1467 1806 dic-³}

195 1831 286 1877 vidi
317 1830 458 1876 fabam
485 1845 722 1886 metentes,
749 1830 917 1877 milium
942 1830 1146 1876 serente&
1163 1832 1230 1876 Ad
1249 1832 1464 1877 olivetum

196 1917 423 1961 revertor,
449 1905 571 1966 quod
590 1903 682 1950 vidi
701 1904 1034 1950 duobusmodis
1055 1904 1321 1966 dispofitum.
1342 1908 1466 1967 Mag-

199 1991 350 2020 narum
396 1975 602 2021 arborum
634 1988 819 2021 truncos
850 1975 1111 2022 circumcifis
1142 1975 1296 2029 ramis,
1331 1988 1373 2022 et
1411 1976 1466 2021 ad

196 2063 330 2092 unum
348 2046 529 2093 redaffis
546 2047 703 2108 pedem
715 2082 732 2104 ‚
749 2057 847 2093 cu'm
872 2047 1002 2110 scapo
1020 2047 1099 2093 suo
1124 2044 1359 2101 transtulit,
1375 2063 1468 2092 ame-

197 2117 355 2178 putatis
379 2117 594 2164 radicibus
610 2154 624 2175 ,
640 2118 789 2165 reli6³to
813 2132 976 2165 tantum
1002 2119 1141 2181 capite
1161 2117 1283 2181 ipso,
1308 2134 1361 2163 ex
1379 2135 1469 2181 quo

198 2188 294 2236 illae
321 2191 629 2253 pependerant,
660 2192 760 2239 Hoc
783 2190 892 2238 fimo
912 2192 1092 2237 tinfihim
1113 2191 1158 2237 in
1177 2190 1375 2238 scrobem
1396 2190 1470 2236 de-

198 2262 342 2309 mifit:
370 2263 527 2310 deinde
560 2274 717 2309 terram
747 2279 837 2309 non
867 2262 1044 2327 aggeffit
1071 2275 1233 2308 tantum
1250 2297 1264 2319 ,
1284 2261 1355 2308 sed
1379 2262 1469 2308 cal-

198 2337 315 2383 cavit
342 2348 385 2384 et
411 2336 569 2399 preffit.
616 2337 763 2401 Negat
791 2337 1028 2401 quidquam
1060 2337 1145 2384 effe
1173 2338 1251 2384 hac
1279 2335 1349 2402 (ut
1372 2337 1465 2399 ait)

195 2408 440 2471 spiffatione
457 2407 685 2456 efficacius.
705 2408 913 2456 videlicet
936 2409 1075 2473 frigus
1096 2408 1284 2455 excludit
1301 2423 1344 2456 et
1363 2427 1469 2457 ven-

197 2484 315 2545 tum}
334 2482 479 2529 minus
506 2494 723 2545 praeterea
747 2497 955 2547 movetur
974 2499 985 2529 ε
1005 2497 1049 2530 et
1067 2482 1119 2527 ab
1139 2481 1228 2531 hoc
1248 2482 1468 2533 nascentes

1110 2554 1156 2598 Χ
1189 2574 1214 2607 4
