1780 2988
506 172 1088 218 EPtSTOLAE.
1335 135 1429 233 409

168 297 266 328 cum
290 281 440 327 omnia
463 290 775 332 concuterent,
799 277 1183 348 concutiebantur:
1207 276 1433 324 turbinum

100 391 103 395 -
168 371 317 413 more,
345 354 419 418 qui
443 369 563 415 rapta
587 354 893 409 convolvunt,
918 351 988 397 iit-d
1008 351 1085 413 ipsi
1111 365 1207 396 ante
1235 351 1432 396 volvun-

167 440 263 486 tur,
288 442 330 474 et
350 429 408 474 ob
429 428 534 472 haec
565 427 729 474 maiore
754 427 919 487 impetu
934 425 1183 481 insumunt,
1213 424 1314 486 quia
1334 425 1435 469 nul*

167 500 253 546 lum
272 500 350 546 illis
376 500 437 545 sui
461 500 651 562 regimen
675 499 749 545 est.
770 499 959 560 Ideoque
974 515 1075 543 cum
1096 495 1240 542 multis
1259 495 1435 544 fuerunt

167 573 296 632 mali,
325 573 566 636 pestiferam
598 574 713 619 illam
748 573 863 629 vim,
897 589 982 634 qua
1016 571 1231 632 plerisque
1263 587 1437 618 nocue*

165 659 292 701 runt,
318 645 392 707 ipsi
424 662 602 708 quoque
632 644 831 691 sentiunt.
868 645 973 689 Non
1003 641 1063 688 est
1096 641 1219 704 quod
1250 642 1431 699 credas,

166 734 411 781 quenquam
445 719 542 765 fieri
578 719 712 765 aliena
746 717 995 763 infelicitate
1038 715 1224 761 felicem.
1271 715 1436 760 Omnia

164 789 239 835 ista
264 791 462 852 exempla
482 826 495 848 ,
526 807 634 853 quae
663 790 802 836 oculis
829 802 958 850 atque
986 788 1159 833 auribus
1191 786 1346 832 nostris
1367 786 1435 832 in-

128 856 139 866 “
162 876 396 923 gematur,
427 863 656 909 retexenda
688 862 810 920 sunt,
837 873 879 907 et
909 861 1085 924 plenum
1116 860 1238 905 malis
1268 860 1434 905 sermo-

163 934 287 980 nibus
311 933 457 996 peilus
480 934 840 982 exhauriendum.
874 934 1121 980 Inducenda
1142 932 1202 978 est
1219 933 1264 977 in
1293 949 1434 979 occu-

162 1019 308 1068 patum
338 1007 487 1053 locum
508 1009 676 1055 virtus:
701 1025 809 1070 quae
840 1006 1068 1053 mendacia
1098 1018 1251 1052 contra
1277 1022 1433 1052 verum

161 1081 369 1141 pls-centia
401 1079 629 1143 exstirpet,
662 1099 774 1144 quae
802 1098 881 1126 nos
911 1097 935 1125 a
965 1079 1166 1142 populo,
1202 1078 1271 1125 cui
1307 1078 1434 1125 nimis

160 1153 407 1210 credimus,
442 1153 630 1215 separet,
665 1170 714 1201 ac
746 1152 916 1200 sinceris
947 1151 1233 1213 opinionibus
1269 1151 1436 1197 reddat.

159 1222 278 1269 Haec
312 1223 371 1269 est
404 1224 534 1285 enim*
553 1224 789 1286 sapientia,
816 1224 860 1270 in
890 1235 1087 1269 naturam
1123 1223 1360 1279 converti,
1391 1232 1435 1268 et

159 1312 215 1342 eo
251 1297 588 1358 restitui‚·unde
626 1300 823 1361 publicus
859 1315 983 1344 error
1013 1296 1242 1359 expulerit.
1276 1299 1436 1358 Magna

159 1387 258 1432 pars
284 1371 469 1418 sanitatis
501 1371 560 1418 est
581 1407 593 1429 ,
616 1373 864 1419 hortatores
895 1370 1080 1416 insaniae
1114 1367 1361 1431 reliquisse,
1393 1379 1439 1414 et

159 1460 214 1489 ex
238 1442 320 1488 isto
348 1456 476 1490 coetu
501 1443 691 1491 invicem
719 1443 857 1490 noxio
885 1443 1038 1506 procul
1067 1442 1226 1489 abiisse.
1261 1443 1361 1488 Hoc
1385 1455 1436 1488 ut

158 1515 244 1561 effe
270 1516 586 1574 verumscias,
617 1516 817 1579 adspice,
846 1528 1010 1579 quanto
1048 1517 1172 1563 aliter
1201 1514 1432 1578 unusquis-

158 1606 247 1652 que
272 1591 441 1653 populo
470 1591 620 1647 vivat,
647 1592 770 1637 aliter
795 1592 885 1638 sibi.
915 1593 1021 1637 Non
1041 1590 1113 1636 est*
1134 1607 1211 1652 per
1237 1590 1277 1635 se
1301 1588 1436 1652 magi-

159 1662 240 1707 stra
269 1661 459 1710 solitudo
492 1664 798 1721 innocentiae,
831 1681 911 1710 nec
946 1663 1235 1727 frugalitatem
1270 1664 1435 1709 docent

159 1750 261 1780 rura
284 1753 294 1782 ς
314 1735 386 1781 sed
412 1736 486 1782 ubi
509 1737 623 1783 testis
651 1753 700 1783 ac
720 1737 931 1799 speciator
956 1736 1172 1791 abscessit,
1198 1735 1302 1781 vitia
1332 1735 1434 1781 sub-

159 1809 330 1867 fidunt,
365 1817 556 1873 quorum
593 1810 823 1856 monstrari
862 1823 904 1856 et
941 1811 1134 1872 conspici
1166 1810 1328 1857 fruetus
1359 1809 1433 1857 est·

161 1882 274 1942 Quis
293 1899 411 1940 eam,
428 1901 557 1947 quam
579 1884 683 1930 nulli
706 1884 974 1940 ostenderet,
995 1884 1134 1930 induit
1161 1882 1427 1945 purpuram?

154 1954 256 2017 quis
286 1955 431 2016 posuit
459 1956 663 2004 secretam
695 1957 739 2001 in
770 1973 878 2002 auro
910 1955 1097 2017 dapem?
1125 1957 1221 2018 quis
1251 1956 1325 2002 sub
1353 1956 1431 2001 ali-

159 2028 283 2074 cuius
298 2028 476 2074 rusticae
499 2030 665 2075 arboris
686 2029 905 2092 proiefilus
926 2029 1101 2086 umbra,
1125 2028 1316 2074 luxuriae
1333 2028 1431 2075 suae

161 2117 373 2164 pompam
398 2103 511 2149 solus
536 2102 786 2165 explicuit?
827 2105 974 2149 Nemo
1004 2103 1144 2150 oculis
1177 2103 1263 2149 suis
1291 2103 1432 2149 lautus

162 2175 249 2232 est,
274 2193 327 2222 ne
361 2194 600 2239 paucorum
627 2177 804 2240 quidem
833 2193 877 2223 et
910 2175 1214 2233 familiarium,
1250 2175 1323 2221 sed
1351 2193 1431 2238 ap-

161 2259 357 2306 paratum
384 2248 595 2294 vitiorum
629 2248 805 2294 suorum
844 2264 933 2308 pro,
958 2247 1096 2292 modo
1129 2247 1278 2292 turbae
1307 2246 1430 2308 spec-

160 2318 288 2364 tantis
323 2319 542 2381 expandit.
564 2321 729 2382 ,Itaque
764 2319 1075 2365 irritamentum
1107 2319 1167 2364 est
1196 2318 1393 2365 omnium
1414 2354 1430 2376 ,

160 2388 203 2432 in
230 2406 340 2450 quae
369 2389 622 2447 insanimus,
651 2389 892 2436 admira-tor
910 2405 954 2435 et
982 2388 1192 2436 conscius.
1220 2390 1288 2435 Ne
1318 2406 1428 2436 con-

161 2462 431 2524 cupiscamus
477 2463 638 2511 efficies
662 2498 676 2522 ,
725 2463 755 2508 fi
797 2479 849 2509 ne
898 2461 1176 2509 ostendamus
1218 2461 1428 2525 effeceris²
