1797 2956
298 194 384 256 156
533 193 582 238 L.
632 193 927 239 ANNAEI
978 191 1351 240 SENECAE·

289 315 441 360 magna
461 335 473 356 ,
499 299 660 345 habere
689 298 1024 346 imbecillitatem
1052 300 1270 357 hominis,
1295 299 1565 347 securitatem

293 373 396 418 Dei.
416 372 682 417 Incredibilis
704 373 770 418 vis
788 372 1088 434 philosophiae
1101 375 1186 428 est,
1207 374 1259 418 ad
1277 390 1455 418 omnem
1474 372 1567 418 for-

289 446 438 491 tuitam
464 445 554 489 vim
585 446 914 490 retundendam.
943 445 1122 491 Nullum
1150 447 1282 491 telum
1311 446 1354 491 in
1378 460 1567 507 corpore

288 517 382 562 eiu<
403 518 519 562 sedet
540 534 550 561 z
570 517 735 562 munita
759 515 817 562 est
842 516 1079 578 solidaque.
1102 521 1313 580 quaedam
1334 518 1567 580 defatigat,

289 603 333 634 et
353 589 472 634 velut
491 588 603 634 levia
623 590 706 635 tela
727 590 827 635 laxo
849 588 939 635 finu
957 590 1119 646 eludit,
1142 593 1355 653 quaedam
1376 590 1568 648 discutit,

287 672 332 707 et
355 661 400 707 in
421 677 521 706 eum
549 661 680 722 usque
702 661 778 724 qui
800 661 973 708 miserat
996 662 1169 724 respuit.

579 786 1048 833 EPISTOLA
1133 787 1278 834 LIV.

290 893 543 952 Szlss'tiriosk
559 891 755 957 labora-ff}
772 911 787 938 .·
807 911 927 954 atque
947 895 1006 939 ita
1025 898 1070 939 de
1090 910 1213 939 morte
1240 891 1438 957 cogitaffl.
1466 895 1569 937 Non

351 968 596 1012 timendam.
619 969 720 1025 quia
741 968 845 1010 idem
866 967 958 1033 post
974 985 1062 1011 eam
1076 1001 1089 1024 ,
1110 968 1219 1027 quod
1237 981 1459 1026 antequam
1480 983 1570 1010 era-

352 1055 444 1082 mus
462 1071 475 1095 ,
493 1041 579 1082 erit.
599 1038 908 1098 Praeparemur.

291 1109 630 1224 LONGUM
660 1174 765 1219 mihi
790 1187 1087 1222 commeatum
1113 1173 1289 1220 dederat
1312 1172 1424 1219 mala
1453 1173 1573 1219 vale-

287 1248 399 1291 tudo
418 1264 427 1291 :
449 1260 625 1308 repente
645 1263 716 1293 me
738 1247 908 1292 invasit.
928 1249 1037 1306 Quo
1059 1245 1247 1308 genere?
1265 1245 1423 1307 inquis.
1450 1261 1574 1306 pror-

286 1321 355 1365 sus
374 1320 530 1366 merito
550 1321 819 1382 interrogas:
843 1320 952 1365 adeo
975 1319 1141 1365 nullum
1160 1319 1266 1364 mihi
1284 1318 1481 1379 ignotum
1501 1318 1576 1366 est.

289 1393 382 1438 Uni
404 1408 548 1438 tamen
569 1393 731 1438 morbo
750 1389 868 1454 quasi
893 1389 1119 1452 affignatus
1145 1391 1235 1436 sum
1253 1407 1265 1436 :
1283 1406 1412 1452 quem
1440 1406 1576 1452 quare

288 1466 467 1511 Graeco
485 1465 664 1510 nomine
683 1465 896 1525 appellem
916 1495 932 1518 ‚
948 1463 1111 1510 nescio.
1126 1464 1222 1509 satis
1239 1463 1356 1509 enim
1370 1476 1468 1524 apte
1487 1461 1574 1509 dici

288 1536 515 1598 suspirium
550 1537 703 1599 potest.
740 1539 895 1584 Brevis
925 1553 1069 1584 autem
1103 1537 1260 1595 valde}
1285 1548 1330 1583 et
1360 1536 1575 1598 procellae

287 1609 462 1666 similis,
492 1609 682 1671 impetus
709 1608 799 1655 est:
827 1609 936 1654 intra
968 1611 1120 1654 horam
1149 1608 1237 1654 fere
1269 1608 1435 1655 definit.
1462 1609 1575 1668 Quis

288 1681 405 1727 enim
427 1683 501 1727 diu
524 1681 742 1743 exspirat?
764 1683 929 1728 Omnia
947 1681 1150 1743 corporis
1173 1693 1244 1727 aut
1262 1681 1572 1738 incommoda,

287 1766 362 1798 aut
387 1752 607 1815 pericula,
631 1771 709 1816 per
730 1770 798 1799 me
818 1756 1077 1800 transierunt
1099 1771 1108 1800 :
1130 1754 1295 1799 nullum
1316 1754 1425 1800 mihi
1447 1753 1573 1799 vide-

286 1838 357 1874 tur
376 1826 613 1875 molestius.
644 1828 842 1887 Quidni?
867 1828 981 1873 aliud
1002 1827 1117 1873 enim
1144 1828 1361 1891 quidquid
1378 1827 1438 1874 est
1455 1864 1470 1885 ‚
1495 1843 1571 1873 ae-

288 1913 464 1964 grotare
494 1901 576 1947 est:
610 1902 697 1949 hoc
723 1902 811 1956 est,
841 1902 1028 1948 animam
1058 1918 1197 1964 agere.
1232 1905 1380 1965 Itaque
1413 1901 1575 1948 medici

289 1974 401 2020 hanc
420 1973 760 2031 ‘meditationem
794 1974 948 2020 mortis
980 1989 1158 2020 vocant.
1191 1972 1309 2020 Facit
1339 1973 1574 2036 aliquando

288 2045 464 2106 spiritus
484 2047 580 2103 ille,
608 2046 731 2109 quod
751 2046 874 2108 saepe
892 2059 1074 2092 conatus
1093 2045 1165 2092 est.
1195 2046 1386 2091 Hilarem
1406 2062 1477 2091 me
1494 2063 1575 2108 pu-

291 2132 354 2165 tas
378 2120 482 2165 haec
500 2119 578 2164 tibi
609 2117 825 2173 scribere,
849 2117 946 2180 quia
967 2117 1127 2180 effugi?
1157 2117 1187 2163 fi
1211 2119 1297 2163 hoc
1317 2115 1431 2174 fine,
1455 2116 1573 2179 quafi

291 2191 408 2236 bona
432 2190 678 2237 valetudine
700 2191 919 2238 delector:
946 2204 1033 2237 tam
1061 2191 1241 2238 ridicule
1272 2189 1416 2244 facio,
1441 2206 1572 2252 quam

291 2265 386 2320 ille,
412 2266 604 2328 quisquis
626 2265 668 2311 se
695 2265 842 2312 vicisse
862 2276 981 2326 putat
997 2300 1010 2319 ‚
1039 2282 1140 2312 cum
1170 2263 1478 2312 vadimonium
1504 2262 1572 2308 di-

289 2336 417 2383 stulit,
439 2340 532 2401 Ego
550 2354 661 2384 vero
678 2349 721 2384 et
739 2338 786 2384 in
803 2338 892 2400 ipsa
911 2337 1197 2385 suffocatione
1217 2355 1309 2384 non
1324 2337 1426 2384 defii
1443 2335 1571 2399 cogi-

289 2410 526 2456 tationibus
544 2409 665 2457 laetis
682 2427 731 2457 ac
745 2409 934 2457 fortibus
953 2409 1236 2473 acquiescere.
1250 2411 1371 2470 Quid
1388 2410 1474 2456 hoc
1492 2407 1571 2455 est?

287 2480 480 2546 inquam.
513 2497 601 2529 tam
621 2482 744 2546 saepe
763 2499 883 2531 mors
902 2482 1120 2545 experitur
1136 2482 1238 2529 me?
1267 2481 1409 2530 faciat.
1429 2493 1470 2527 at
1488 2496 1573 2543 ego
