1807 3004
524 205 1087 252 EPISTOLAE.
1350 220 1441 262 217

173 315 358 379 quaesita
378 330 455 376 per
479 313 566 360 hoc
583 311 801 376 dignitate.
834 310 902 358 ille
921 311 1125 358 clientum
1146 309 1285 357 turba.
1317 311 1443 358 huius

171 390 324 435 turbae
343 405 418 450 par
435 386 518 433 effe
543 402 632 430 non
659 386 827 447 possum
844 421 857 441 ,
888 385 1013 430 huius
1036 384 1209 447 gratiae.
1232 384 1366 430 Tanti
1385 383 1447 430 est

171 465 226 509 ab
261 457 508 508 hominibus
541 460 694 517 vinci,
728 461 831 506 dum
862 477 884 505 a
913 475 984 504 me
1018 458 1194 504 fortuna
1232 457 1455 508 vineatum,

172 536 351 582 Utinam
382 534 558 595 quidem
594 532 681 577 hoc
714 530 983 594 propositam
1015 529 1137 592 sequi
1165 529 1271 575 olim
1310 529 1450 576 fuisset

174 608 342 654 animus
361 606 460 653 tibi!
491 605 652 652 utinam
675 606 728 650 de
757 604 847 650 vita
874 603 995 648 beata
1025 619 1114 647 non
1139 602 1182 647 in
1214 603 1449 665 conspeEiu

174 680 332 725 mortis
365 677 609 741 ageremus!
644 678 713 724 sed
747 694 862 723 nunc
892 692 1069 738 quoque
1097 691 1187 721 non
1212 691 1450 722 rnoremrn·⁰

173 752 310 797 Multa
331 752 447 797 enim
465 786 478 808 ,
510 769 620 813 quae
647 752 908 812 {inpervacua
937 749 1022 795 effe
1049 761 1092 796 et
1116 748 1291 795 mimica
1309 786 1322 807 ‚
1351 766 1449 795 crea·

172 824 306 871 dimri
337 824 500 878 fuimus
528 823 715 881 rationi,
750 841 866 870 nunc
899 822 1193 885 experientiae
1219 823 1452 869 credimus..

173 895 312 955 Quod
333 895 473 940 facere
495 894 633 940 solent
654 895 728 957 qui
749 894 877 940 serius
899 906 1058 939 exeunt
1073 929 1085 950 ,
1105 907 1149 939 et
1167 894 1321 940 volunt
1339 907 1450 938 tem-
1468 945 1471 948 ,

172 983 253 1030 pus
286 967 502 1027 celeritate
525 984 754 1028 reparare,
786 968 925 1013 calcar
949 967 1171 1012 addamus.
1200 966 1307 1012 haec
1338 977 1452 1011 aetas

173 1036 353 1099 optime'
367 1037 470 1084 facit
502 1039 555 1084 ad
592 1039 699 1084 haec
728 1038 864 1083 studia
886 1055 896 1083 :
919 1038 1005 1082 iam
1038 1037 1340 1099 despumavit,
1364 1037 1450 1082 iam
1519 1037 1521 1039 ’

173 1108 282 1155 vitia
301 1108 448 1169 primo
472 1108 653 1155 fervore
678 1107 994 1154 adolescentiae
1020 1108 1232 1152 indomita
1254 1108 1452 1159 lassavit:

172 1196 265 1225 non
299 1180 485 1225 multum
522 1179 740 1242 superest,
781 1194 830 1226 ut
859 1176 1112 1242 eitstinguat.
1156 1182 1209 1225 Et
1242 1181 1452 1242 quando,

173 1251 348 1314 inquis,
369 1252 446 1297 tibi
469 1252 666 1314 proderit
686 1252 822 1310 istud,
840 1253 964 1315 quod
989 1253 1032 1297 in
1052 1251 1169 1299 exitu
1197 1252 1322 1299 discis
1340 1287 1352 1306 ‚
1379 1267 1454 1304 aut

174 1324 220 1370 in
245 1341 376 1387 quam
404 1324 523 1371 tem?
551 1325 596 1369 in
627 1325 768 1380 hanc,
799 1337 848 1370 ut
879 1340 1031 1370 exeam
1057 1324 1226 1373 melior.
1259 1326 1364 1370 Non
1393 1325 1455 1370 est

175 1408 320 1444 tamen
344 1398 466 1460 quod
495 1396 733 1455 existimes,
766 1397 897 1443 ullam
918 1409 1100 1443 aetatem
1118 1397 1335 1458 aptiorem
1366 1397 1452 1444 effe

175 1471 229 1516 ad
260 1471 420 1515 bonam
455 1482 676 1524 mentem,
713 1488 842 1534 quam
883 1487 994 1534 quae
1027 1470 1068 1516 se
1101 1470 1246 1517 multis
1279 1472 1454 1532 experi-

176 1541 334 1588 mentis
349 1577 362 1599 ‚
390 1541 518 1603 longa
536 1558 586 1587 ac
605 1541 821 1604 frequenti
851 1558 997 1587 rerum
1025 1541 1229 1602 patientia
1248 1542 1419 1588 domuit
1440 1559 1452 1588 :

177 1633 289 1675 quae
309 1618 361 1662 ad
380 1616 571 1662 salutaria
588 1652 601 1674 ‚
619 1616 819 1678 mitigatis
838 1615 1059 1662 affeffibus
1074 1651 1085 1671 ‚
1105 1616 1244 1663 venit.
1273 1617 1373 1663 Hoc
1393 1616 1455 1663 est

176 1689 302 1734 huius
323 1688 430 1734 boni
456 1705 640 1749 tempus.
658 1688 849 1751 quisquis
866 1688 994 1735 senex
1011 1689 1065 1735 ad
1083 1687 1334 1752 sapientiam
1353 1705 1457 1752 per-

168 1758 302 1811 evenit
318 1795 336 1817 ,
363 1758 485 1807 annis
518 1759 735 1822 pervenit,
1132 1754 1139 1760 '⁴

436 1892 908 1939 EP-ISTOLA
987 1890 1196 1937 LXIX.

183 2014 291 2066 Lociz
323 2037 408 2064 non
442 2024 646 2066 mutanda
664 2056 678 2077 ‚
708 2022 789 2082 fid
816 2023 948 2083 magis
967 2022 1244 2082 quiefiena'um
1273 2039 1459 2081 corpore,

246 2108 294 2137 ut
322 2089 364 2136 δ’
392 2095 559 2138 animus
582 2093 712 2155 pefft.
748 2095 876 2141 Hunc
910 2096 958 2139 in
979 2095 1167 2153 fizlzttari
1185 2095 1328 2158 studio
1356 2098 1457 2156 dfi-

243 2168 418 2226 gendum
437 2197 451 2221 ,
480 2163 522 2212 G*
553 2184 654 2226 quae
683 2183 883 2225 avocent,
903 2168 1097 2214 vitanda,

186 2269 324 2385 M
338 2348 412 2380 UT
424 2348 530 2381 ΑΗΕ
559 2346 601 2382 te
626 2334 721 2382 loca
737 2370 748 2392 ‚
767 2345 809 2380 et
830 2333 872 2379 in
894 2334 1023 2381 alium
1045 2335 1099 2382 de
1115 2335 1202 2383 alio
1219 2336 1453 2394 transilire,

183 2407 306 2452 nolo.
339 2406 529 2452 Primum
550 2443 565 2464 ,
599 2407 698 2468 quia
728 2421 813 2453 tam
848 2406 1053 2469 frequens
1088 2408 1291 2470 migratio
1324 2409 1458 2455 insta-

185 2477 284 2525 bilis
304 2478 438 2526 animi
454 2478 528 2529 est.
549 2481 789 2529 coalescere
807 2480 901 2532 otio
920 2497 1010 2526 non
1031 2493 1180 2544 potes,
1197 2480 1276 2531 nist
1293 2482 1459 2531 desinas
