1797 2956
313 171 402 228 380
528 145 606 221 ἰ.
649 175 935 220 ΑΝΝΑΕι
983 176 1316 224 SENECAE

304 276 344 322 le
366 276 438 333 fit,
463 279 532 326 die
553 296 642 326 non
665 280 748 327 effe
773 295 1058 338 contentum,
1085 283 1159 329 nifi
1180 284 1336 347 aliquis
1362 284 1578 348 igniculus

305 349 509 397 alluxerit.
554 354 692 411 Quod
725 354 865 414 potest
894 354 939 399 in
966 354 1045 402 hac
1076 355 1266 402 claritate
1293 357 1395 404 solis
1420 359 1579 405 habere

305 422 484 470 scintilla
514 426 826 478 momentum?
857 428 899 472 Si
918 444 1008 473 non
1032 444 1076 474 es
1099 428 1187 474 sola
1214 429 1437 477 honestate
1467 448 1581 478 con-

305 505 445 542 tentus
466 531 479 553 ,
510 497 673 544 necesse
704 497 764 544 est
793 512 865 545 aut
895 499 1085 562 quietem
1120 501 1246 548 adiici
1273 502 1410 561 velis,
1445 520 1579 566 quam

305 567 557 631 hesychiam
589 583 750 617 vocant
782 573 968 631 Graeci,
993 584 1067 619 aut
1092 573 1380 636 voluptatem.
1404 578 1578 625 Horum

304 639 486 686 alterum
513 657 734 706 utcunque
768 644 905 706 recipi
927 645 1070 707 potest
1089 663 1100 692 ε
1123 663 1248 694 vacat
1272 648 1388 694 enim
1411 649 1581 697 animus

305 712 515 771 molestia,
535 714 644 762 liber
661 716 715 761 ad
729 717 1010 779 conspectum
1026 718 1230 777 univerfi,
1244 720 1438 784 nihilque
1457 722 1578 769 illurn

303 798 500 832 avocata
521 790 897 852 contemplatione
921 804 1124 838 naturae:
1143 792 1324 839 alterum
1344 794 1474 849 illud,
1498 811 1578 843 vo-

303 856 470 918 luptas,
495 861 659 907 bonum
691 864 863 924 pecoris
882 863 955 911 est.
991 865 1231 912 Adiicimus
1255 867 1452 913 rationali
1476 867 1580 914 irra-

303 931 495 991 tionale,
521 934 705 982 honesto
733 937 1027 984 inhonestum.
1075 941 1279 1001 Magnam
1312 939 1449 987 vitam
1475 939 1580 987 facit

301 1003 494 1051 titillatio
519 1009 752 1069 corporis?
777 1011 887 1071 quid
913 1027 1019 1074 ergo
1046 1010 1250 1058 dubitaris
1277 1012 1445 1071 dicere,
1470 1013 1580 1059 bene

303 1075 389 1122 esse
415 1078 608 1136 homini,
637 1081 668 1126 fi
699 1083 842 1143 palato
872 1084 982 1130 bene
1014 1083 1073 1128 est
1098 1083 1115 1128 ἓ
1148 1085 1202 1130 Et
1237 1084 1355 1133 hunc
1380 1098 1454 1143 tu,
1488 1102 1580 1135 non

304 1151 407 1199 dico
435 1155 547 1202 inter
569 1158 694 1204 viros
717 1176 936 1214 numeram,
973 1160 1045 1206 sed
1070 1159 1182 1206 inter
1206 1158 1432 1216 homines,
1458 1158 1579 1206 cuius

301 1223 520 1273 summum
552 1230 718 1276 bonum
741 1231 963 1294 saporibus
985 1266 998 1285 ,
1027 1249 1076 1276 ac
1106 1230 1360 1288 coloribus,
1391 1247 1440 1277 ac
1465 1230 1581 1277 sonis

303 1299 497 1346 constat?
521 1305 711 1350 Excedat
729 1321 780 1350 ex
801 1305 888 1351 hoc
911 1304 1161 1350 animalium
1183 1320 1368 1350 numero
1388 1303 1582 1366 pulcher-

303 1371 447 1429 rimo,
471 1392 520 1422 ac
545 1376 625 1422 diis
650 1378 866 1433 secundm
893 1378 1024 1424 mutis
1045 1390 1304 1440 aggregetur
1323 1376 1480 1422 animal
1505 1392 1580 1438 pa-

303 1441 411 1488 bulo
433 1445 608 1492 laetun'i.
634 1447 896 1494 Irrationalis
925 1446 1181 1509 pars.animi
1208 1445 1314 1491 duas
1332 1445 1461 1491 habet
1478 1461 1580 1508 par-

302 1525 365 1561 tes
391 1534 400 1561 :
427 1517 600 1564 alteram
630 1520 866 1567 animosam
887 1556 899 1576 ,
926 1517 1199 1566 ambitiosam
1215 1552 1227 1571 ,
1252 1516 1542 1585 impotentem
1563 1553 1581 1576 ‚

302 1579 485 1650 politam
512 1589 556 1635 in
583 1591 884 1638 affeci-ionibus
916 1611 925 1638 :
949 1592 1126 1637 alteram
1152 1589 1388 1645 humilem,
1411 1589 1579 1653 langui-

303 1663 400 1709 dam
420 1701 430 1717 ‚
456 1666 754 1727 voluptatibus
782 1667 986 1712 deditam.
1015 1665 1136 1709 lllam
1160 1661 1460 1719 effraenatam,
1489 1679 1580 1708 me-

302 1735 457 1783 liorem
487 1750 632 1784 tamen
655 1775 668 1794 ‚
696 1753 811 1785 certe
839 1738 1073 1783 fortiorem
1099 1751 1150 1781 ac
1172 1734 1417 1797 digniorem
1447 1733 1548 1780 viro
1566 1769 1580 1790 ,

302 1809 571 1871 reliquerunt
595 1829 605 1856 :
629 1812 740 1857 hanc
767 1809 1040 1856 necessariam
1075 1809 1222 1854 beatae
1248 1807 1362 1854 vitae
1392 1819 1578 1868 putave—

298 1895 422 1937 runt,
452 1900 659 1932 enervem
688 1899 732 1932 et
761 1885 982 1932 abieciam.
1027 1885 1140 1931 Huic
1170 1884 1386 1930 rationem
1420 1884 1579 1932 servire

297 1954 507 2002 iusserunt
521 1994 534 2014 ‚
551 1971 595 2004 et
611 1958 810 2006 fecerunt
837 1959 1033 2005 animalis
1052 1956 1364 2021 generofiffimi
1382 1957 1547 2004 bonum
1563 1991 1580 2016 ‚

302 2027 530 2074 demissum
560 2045 603 2076 et
635 2029 840 2093 ignobile.
886 2031 1108 2077 Praeterea
1142 2029 1358 2086 mixtu-m,
1392 2041 1575 2091 porten-

300 2100 531 2163 tosumque
550 2138 561 2157 ‚
593 2114 635 2148 et
664 2119 717 2148 ex
741 2099 919 2150 divertis
953 2102 1201 2148 animalium
1235 2103 1578 2165 congruentibus

299 2174 520 2221 membris.
544 2192 667 2232 nam,
687 2188 732 2221 ut
755 2176 811 2221 ait
832 2176 1034 2239 Virgilius
1052 2176 1198 2223 noster
1221 2175 1266 2221 in
1289 2176 1437 2239 Scylla
1451 2211 1465 2232 ,

368 2303 516 2348 Prima
541 2304 721 2350 hominis
744 2304 884 2364 fhcies
921 2302 963 2350 δ’
984 2305 1156 2364 pulchro
1177 2305 1330 2365 pec‘lore
1357 2307 1471 2367 virgo

368 2384 483 2428 Pube
501 2399 644 2439 tenus,
665 2384 862 2449 postrema
894 2386 1071 2430 immani
1096 2403 1254 2445 corpore
1270 2386 1450 2450 pistrix,
1518 2420 1519 2423 η

368 2466 632 2525 Delphinum
658 2469 811 2512 caudas
833 2481 946 2511 utero
964 2463 1173 2529 comm{ffiz
1197 2468 1404 2526 luporum,
