1797 2956
396 207 490 258 254
621 193 668 238 L.
720 188 1031 237 ANNAEI
1083 192 1109 235 ἕ
1129 189 1446 236 ENECAE

390 300 469 359 fit,
498 311 683 364 quantus
701 316 838 345 :unus
873 298 934 344 fir.
964 299 1071 344 Non
1098 298 1311 344 delessent
1338 299 1474 346 verba
1501 298 1643 346 nostra
1663 330 1678 359 5,

392 373 466 420 sed
498 373 678 435 prosmt.
703 371 746 417 Si
772 383 918 416 tamen
944 371 1196 433 contingere
1223 372 1474 434 eloquentia
1494 388 1583 417 non
1611 372 1682 419 so-
1745 406 1751 409 -

392 445 517 492 licito
555 443 727 507 potest,
761 457 831 489 aut
861 443 890 489 fi
912 459 1064 506 parata
1089 443 1179 502 est,
1213 457 1284 491 aut
1316 461 1458 507 parvo
1482 445 1683 503 constat,

392 519 527 577 adsit,
549 534 592 565 et
623 534 690 565 res
718 517 1029 580 pulcherrimas
1058 516 1359 580 prosequatur.
1383 517 1445 564 Sit
1477 517 1570 564 talis
1589 552 1603 573 ‚
1635 528 1683 564 ut

344 647 348 653 ‚
392 609 460 639 res
481 591 630 654 potius
649 607 780 654 quam
803 591 842 635 se
862 589 1072 637 ostendat.
1108 591 1230 636 Aliae
1248 606 1359 637 artes
1385 591 1438 637 ad
1457 590 1683 653 ingenium

369 671 509 713 ⁴totae
548 665 807 727 pertinent:
848 663 918 709 hic
955 662 1087 708 animi
1122 663 1347 726 negotium
1382 663 1540 726 agitur.
1577 664 1683 709 Non

393 736 565 801 quaerit
589 752 717 799 aeger
750 737 972 782 medicum
1001 736 1309 799 eloquentem,
1333 735 1405 782 sed
1434 736 1682 781 sanantemz

390 811 465 858 sed
494 809 523 855 si
559 809 617 855 ita
648 809 889 872 competit,
916 822 965 855 ut
993 809 1109 855 idem
1130 808 1201 855 ille
1230 808 1304 870 qui
1336 807 1479 855 sanare
1506 808 1648 871 potest
1666 845 1681 867 ,

391 898 540 932 comte
569 884 622 930 de
642 883 707 930 his
727 898 837 947 quae
863 882 1060 930 facienda
1082 883 1178 930 sunt
1211 881 1406 938 differat,
1430 882 1539 929 boni
1567 899 1682 930 con-

392 958 529 1005 sulet:
562 973 653 1003 non
681 969 828 1003 tamen
854 957 1130 1020 erityquare
1159 956 1392 1019 gratuletur
1420 954 1497 1001 fibi
1515 991 1530 1014 ‚
1558 955 1683 1019 quod

389 1031 596 1078 inciderit
616 1031 660 1076 in
683 1030 909 1076 medicum
933 1030 1063 1077 etiam
1090 1029 1310 1093 disertum.
1339 1028 1428 1074 hoc
1452 1028 1570 1076 enim
1597 1027 1682 1075 tale

389 1105 452 1152 est
469 1141 482 1161 ,
517 1104 642 1167 quale
670 1102 698 1148 fi
726 1103 888 1165 peritus
913 1104 1180 1166 gubernator
1198 1102 1330 1149 etiam
1357 1100 1576 1149 formosus
1609 1100 1682 1149 ests

396 1179 518 1240 Quid
547 1193 669 1224 aures
695 1192 813 1222 meas
845 1174 1034 1238 scalpis?
1069 1175 1177 1237 quid
1203 1175 1422 1222 oblee‘ras?
1446 1176 1564 1222 aliud
1589 1177 1683 1240 agi·
1712 1167 1713 1170 ¹

395 1264 476 1299 tur.
507 1251 728 1307 urendus,
762 1249 996 1305 secandus,
1029 1247 1306 1294 abstinendus
1334 1248 1441 1295 sum.
1475 1249 1540 1294 Ad
1577 1252 1681 1296 haec

391 1323 611 1371 adhibitus
639 1338 712 1368 es:
744 1337 896 1368 curare
924 1321 1056 1368 debes
1089 1321 1294 1367 morbum
1321 1333 1547 1379 veterem,
1582 1338 1683 1385 gra-

390 1417 493 1446 vem
511 1435 524 1456 ‚
555 1396 795 1461 publicum.
817 1398 1010 1443 Tantum
1032 1395 1198 1459 negotii
1219 1396 1352 1442 babes
1367 1431 1379 1453 ‚
1406 1407 1616 1459 quantum
1639 1396 1684 1442 in·

394 1469 636 1535 pestilentia
655 1469 881 1516 medicus:
905 1469 1019 1515 circa
1039 1468 1176 1516 verba
1204 1478 1444 1529 occupatus
1470 1467 1546 1513 es?
1575 1468 1685 1514 iam-

392 1544 559 1591 dudum
596 1542 736 1606 gaude
755 1577 768 1601 ,
797 1540 828 1587 fi
856 1539 1015 1588 sufficis
1038 1540 1179 1586 rebus.
1208 1539 1404 1600 Quando
1432 1539 1565 1587 multa
1597 1539 1684 1586 dis-

394 1617 500 1665 ces?
523 1616 702 1680 quando
733 1631 845 1678 quae
867 1613 1075 1661 didiceris
1097 1613 1242 1676 affiges
1275 1611 1378 1667 tibi,
1403 1611 1462 1658 ita
1488 1625 1537 1659 ut
1563 1612 1684 1659 exci-

393 1692 497 1739 dere
517 1707 608 1737 non
626 1688 818 1753 poffint?
842 1688 1021 1752 quando
1050 1687 1119 1733 issa
1148 1687 1385 1750 experieris
1404 1687 1422 1734 ?
1442 1686 1548 1733 Non
1566 1687 1681 1733 enim

391 1776 439 1812 ut
475 1778 620 1813 cetera
656 1762 898 1810 memoriae
938 1760 1158 1809 tradidisse
1199 1761 1296 1808 satis
1329 1760 1391 1808 est
1422 1777 1434 1807 ε
1465 1760 1510 1806 in
1545 1774 1683 1823 opere

391 1837 597 1884 tentanda
621 1837 728 1885 sunt.
758 1837 865 1881 Non
895 1825 955 1881 est
984 1833 1136 1880 beatus
1162 1833 1236 1896 qui
1265 1833 1341 1881 scit
1372 1833 1469 1891 illa,
1502 1832 1574 1879 sed
1606 1833 1683 1897 qui
1737 1836 1747 1843 “

392 1911 507 1959 facit.
538 1912 664 1972 Quid
683 1914 822 1974 ergo?
846 1908 957 1955 infra
978 1907 1102 1954 illum
1131 1907 1234 1953 nulli
1262 1908 1418 1971 gradus
1445 1906 1568 1953 sunt?
1598 1907 1682 1952 sta-

373 1985 474 2032 >⁴tim
502 1985 556 2031 ab
589 1984 800 2047 sapientia
828 1998 1035 2045 praeceps
1062 1973 1153 2027 est?
1190 1981 1297 2026 Non
1325 1978 1537 2027 existimo
1566 1979 1682 2026 Nam

393 2058 472 2122 qui
496 2055 703 2120 proficit,
723 2056 767 2102 in
794 2071 982 2102 numero
1003 2055 1180 2118 quidem
1194 2053 1421 2100 stultorum
1446 2052 1536 2112 est,
1557 2069 1680 2117 mag·

392 2147 454 2177 no
486 2142 633 2177 tamen
666 2127 899 2176 intervallo
933 2128 987 2175 ab
1015 2127 1097 2175 illis
1129 2126 1378 2174 diducitur:
1409 2126 1524 2174 inter
1564 2125 1682 2188 ipsos

392 2219 573 2268 quoque
599 2202 885 2267 proficientes
916 2202 1013 2248 sunt
1041 2217 1195 2264 magna
1228 2199 1491 2248 discrimina.
1523 2200 1570 2245 In
1594 2211 1681 2246 tres

391 2276 633 2339 classes-(ut
653 2275 914 2340 quibusdam
935 2275 1108 2338 placet)
1128 2273 1414 2322 dividuntur:
1438 2271 1571 2336 primi
1586 2270 1681 2318 sunt

391 2349 468 2412 qui
497 2348 746 2411 sapientiam
781 2348 979 2394 nondum
1015 2349 1202 2404 habent,
1236 2346 1307 2392 sed
1336 2346 1419 2392 iam
1446 2346 1491 2391 in
1518 2343 1680 2392 vicinia

395 2420 488 2467 eius
505 2420 803 2468 constiterunt.
828 2433 973 2467 tamen
992 2420 1121 2469 etiam
1141 2419 1263 2484 quod
1284 2422 1426 2481 prope
1442 2416 1530 2473 est,
1558 2429 1680 2461 extra

395 2493 470 2543 est.
501 2495 594 2556 Qui
612 2494 691 2542 smt
714 2494 786 2551 hi,
817 2494 986 2558 quaeris
1000 2493 1113 2557 ?*qui
1138 2509 1293 2540 omnes
1327 2492 1413 2538 iam
1439 2489 1611 2536 affe&us
1628 2503 1677 2535 ac
