1797 2956
321 202 410 232 202
558 186 606 237 L.
663 186 954 232 ΑΝΝΑΕΙ
1006 187 1372 236 SENECAE

319 291 420 338 dere
446 291 570 353 quod
600 290 813 353 Epicurus
838 291 923 351 ait,
956 291 1201 356 Sapientem
1222 330 1234 353 ,
1267 293 1295 339 fi
1329 294 1374 341 in
1404 295 1593 342 Phalari-

316 363 384 411 dis
411 379 536 413 tauro
562 379 814 428 peruratur,
847 365 1189 415 exclamaturum
1221 385 1232 414 z
1265 368 1411 415 Dulce
1437 369 1523 428 est,
1553 386 1596 417 et

315 437 372 483 ad
400 455 469 483 me
496 437 557 483 nil
585 437 787 500 pertinet.
818 438 940 499 Quid
973 437 1170 499 miraris,
1201 441 1231 487 fi
1258 458 1343 505 ego
1369 441 1487 505 paria
1516 443 1598 490 bo·

316 527 371 556 na
397 511 531 567 dico,
563 510 690 558 unius
723 510 768 557 in
793 511 1012 559 convivio
1042 511 1246 573 iacentis,
1279 515 1454 562 alterius
1486 516 1599 563 inter

317 594 539 630 tormenta
565 582 794 631 fortiffime
824 583 970 632 stantis
997 605 1006 630 τ
1034 603 1135 633 cum
1167 586 1321 651 (quod
1357 588 1600 635 incredibi-

316 655 397 702 lius
424 654 522 719 est)
558 656 673 704 dicat
711 657 954 720 Epicurus,
990 659 1115 706 dulce
1151 659 1238 709 effe
1271 662 1511 724 torqueri?
1546 663 1602 707 Et

315 727 386 775 hic
405 728 680 792 respondeo,
708 729 944 792 plurimum
964 730 1162 778 intereffe
1188 731 1301 778 inter
1330 732 1535 794 gaudium
1557 743 1602 779 et

316 800 536 848 dolorem.
561 802 605 847 Si
640 818 871 866 quaeratur
904 802 1087 860 eleffio,
1116 804 1297 851 alterum
1331 815 1503 865 petam,
1536 805 1597 850 al-

314 884 456 920 terum
480 874 648 922 vitabo.
667 875 773 923 illud
790 875 1024 923 secundum
1053 888 1249 923 naturam
1267 876 1328 929 est
1343 909 1357 932 ,
1378 877 1464 925 hoc
1491 894 1599 925 con-

315 961 394 994 tra.
408 948 635 1008 Quamdiu
652 947 709 996 fic
727 947 1021 1008 aestimantur,
1035 967 1198 1014 magno
1211 950 1325 998 inter
1344 951 1384 997 se
1399 951 1600 998 diffident

313 1019 486 1082 spatio:
508 1038 609 1069 cum
636 1037 748 1070 vero
776 1023 831 1070 ad
860 1022 1068 1071 virtutem
1100 1036 1283 1073 ventum
1311 1024 1398 1081 est,
1416 1036 1601 1089 utraque

313 1110 391 1156 par
408 1093 490 1149 est,
515 1105 558 1142 et
585 1111 696 1159 quae
724 1108 803 1158 per
829 1095 938 1143 laeta
959 1096 1190 1159 procedit,
1217 1109 1260 1144 et
1288 1115 1400 1162 quae
1423 1116 1501 1162 per
1519 1098 1600 1145 tri-

313 1163 405 1211 stia.
446 1166 626 1212 Nullum
656 1166 818 1214 habent
849 1179 1127 1214 momentum
1151 1169 1336 1216 vexatio
1367 1180 1409 1216 et
1438 1169 1600 1227 dolor,

313 1251 356 1285 et
382 1239 600 1302 quidquid
623 1240 738 1286 aliud
767 1240 1046 1288 incommodi
1065 1240 1157 1289 est:
1185 1242 1351 1289 virtute
1375 1243 1493 1289 enim
1513 1243 1599 1288 ob-

313 1312 465 1359 ruitur.
494 1313 891 1372 Quemadmodum
912 1314 1085 1361 minora
1114 1314 1278 1362 lumina
1305 1314 1471 1362 claritas
1499 1315 1601 1361 solis

313 1384 519 1432 obscurat
551 1403 562 1432 :
596 1385 652 1433 fic
687 1387 894 1443 dolores,
930 1387 1178 1444 molestias,
1222 1388 1421 1446 iniurias,
1457 1387 1601 1436 virtus

313 1458 615 1522 magnitudine
636 1459 706 1506 sua
727 1460 848 1507 elidit
863 1492 878 1516 ‚
911 1472 1039 1523 atque
1059 1460 1303 1523 opprimit;
1331 1472 1374 1507 et
1393 1477 1602 1524 quocun-

311 1548 401 1596 que
428 1531 611 1590 affulfit‚
638 1532 699 1578 ibi
731 1533 948 1596 quidquid
981 1531 1067 1580 fine
1093 1533 1166 1580 illa
1193 1543 1373 1597 apparet
1390 1568 1406 1592 ‚
1438 1532 1602 1580 exstina

310 1605 488 1669 guitur:
521 1621 603 1652 nec
630 1606 767 1669 magis
797 1606 929 1652 ullam
958 1606 1214 1669 portionem
1237 1605 1399 1654 habent
1425 1604 1601 1654 incom-

311 1679 474 1737 moda,
503 1694 602 1726 cum
629 1678 675 1724 in
708 1678 922 1725 virtutem
957 1677 1215 1734 inciderint,
1245 1695 1380 1741 quam
1409 1679 1454 1724 in
1487 1678 1599 1724 mari

311 1753 500 1799 nimbus.
525 1752 628 1798 Hoc
645 1766 693 1798 ur
713 1752 818 1799 scias
836 1753 895 1799 ita
918 1751 1004 1799 ess‘e
1018 1786 1032 1810 ‚
1056 1752 1110 1797 ad
1128 1768 1261 1797 omne
1279 1751 1507 1813 pulchrum
1529 1750 1601 1798 vir

310 1826 455 1872 bonus
483 1824 572 1872 fine
596 1824 681 1872 ulla
701 1824 979 1872 cunciatione
1008 1837 1263 1887 procurret:
1287 1822 1365 1870 stet
1390 1823 1478 1870 illic
1496 1823 1607 1869 licet

303 1899 536 1954 carnifex,
559 1897 638 1945 stet
667 1909 814 1945 tortor
844 1913 974 1961 atque
1001 1896 1114 1960 ignis
1131 1932 1145 1954 ,
1164 1895 1460 1959 perseverabit
1481 1912 1492 1942 ε
1517 1911 1600 1941 nec

312 1972 419 2033 quid
453 1972 678 2035 passurus,
709 1969 781 2016 sed
814 1970 924 2033 quid
954 1968 1144 2016 fastttrus
1179 1968 1257 2023 fit,
1288 1965 1522 2030 adspiciet:
1557 1977 1600 2013 et

311 2047 354 2093 se
388 2044 594 2091 honestae
623 2044 688 2091 rei
717 2056 925 2107 tanquam
961 2044 1085 2089 bono
1120 2040 1223 2089 viro
1254 2041 1415 2088 credet.
1438 2039 1598 2098 ‘utilem

312 2121 430 2169 illam
456 2119 534 2166 fibi
557 2108 796 2175 iudicabit,
824 2130 960 2164 tutam
976 2154 989 2176 ‚
1008 2118 1278 2180 prosperam.
1309 2115 1511 2173 Eundem
1529 2131 1598 2161 er-

312 2214 373 2260 go
403 2197 553 2243 locum
585 2194 761 2242 habebit
790 2195 906 2258 apud
935 2193 1057 2241 illum
1084 2192 1264 2247 honesta
1291 2207 1386 2248 res,
1414 2188 1489 2237 sed
1517 2188 1596 2236 tri-

310 2270 384 2318 stis
418 2281 547 2334 atque
586 2269 767 2332 aspera,
801 2285 936 2333 quem
967 2267 1036 2314 vir
1070 2266 1248 2323 bonus,
1289 2280 1487 2328 pauper,
1523 2275 1597 2309 aut

311 2344 429 2391 exsul
447 2379 460 2401 ‚
493 2360 542 2391 ac
577 2342 775 2406 pallidus.
815 2342 1013 2406 Agedum
1041 2357 1158 2402 pone
1189 2356 1244 2386 ex
1273 2339 1355 2386 alia
1381 2350 1503 2401 parte
1522 2337 1603 2384 vi·-

312 2434 409 2463 rum
445 2418 611 2464 bonum
633 2449 648 2472 ‚
688 2416 855 2465 divitiis
885 2415 1204 2472 abundantem,
1239 2430 1294 2460 ex
1324 2413 1453 2459 altera
1486 2410 1593 2456 nibil

310 2490 542 2538 habentem
560 2527 575 2547 ,
592 2489 666 2539 (ed
680 2491 725 2537 in
742 2490 782 2538 se
802 2490 953 2537 onmia
974 2507 984 2536 :
1006 2500 1188 2553 uterque
1207 2503 1344 2552 aeque
1363 2486 1506 2534 bonus
1525 2485 1594 2533 vir
