1797 2956
296 211 386 243 κη
556 199 602 242 L.
651 198 950 243 [tumet
998 188 1403 245 SENECAE'

294 298 386 347 nou
404 299 572 365 potest,
600 313 645 347 ut
667 300 808 363 aliqua
827 317 893 347 res
913 300 1029 347 bona
1051 302 1229 366 quidem
1251 303 1326 360 fit,
1355 301 1427 350 sed
1445 315 1574 366 opta-

293 373 393 420 bilis
425 390 516 419 non
545 371 623 418 fit:
658 373 816 418 deinde
844 372 872 417 sl
899 373 1040 420 virtus
1063 375 1267 436 optabilis
1295 375 1384 431 est,
1412 377 1575 422 nullum

293 460 439 493 autem
460 446 546 491 fine
570 445 734 491 virtute
761 446 926 491 bonum
940 481 955 502 ‚
973 459 1016 492 et
1036 463 1168 494 omne
1187 448 1353 494 bonum
1369 449 1582 511 optabile.

292 516 471 566 Deinde
496 518 654 574 etiam,
684 517 715 562 fi
743 530 1069 564 tormentorum
1104 519 1228 566 fortis
1254 522 1459 583 patientia
1493 537 1577 584 op-

293 591 436 638 tabilis
459 605 550 635 non
580 589 668 636 est:
694 590 934 636 etiamnum
969 592 1229 654 interrogo,
1261 595 1422 641 Nonne
1442 593 1578 641 forti-

293 665 403 712 tudo
430 662 636 726 optabilis
665 663 755 709 est?
786 665 906 726 atqui
926 663 1117 725 pericula
1143 667 1384 712 contemnit
1402 681 1446 714 et
1469 683 1578 729 pro-

293 750 443 784 vocat.
468 735 761 783 Pulcherrima
790 753 890 799 pars
913 738 1033 795 eius,
1065 738 1344 802 maximeque
1370 738 1578 788 mirabilis

294 807 364 857 illa
382 810 443 858 est
459 842 473 865 ‚
494 827 584 857 non
604 810 760 857 cedere
781 810 978 874 ignibus,
1006 812 1188 859 obviam
1210 812 1273 858 ire
1292 814 1545 862 vulneribus
1563 833 1575 861 :

294 882 516 930 interdum
535 882 619 929 tela
639 898 692 928 ne
710 881 850 930 vitare
868 883 1046 945 quidem
1064 919 1079 940 ,
1108 883 1178 930 sed
1200 886 1375 946 pastore
1395 886 1577 949 excipe-

295 972 357 1004 re.
390 957 432 1003 Si
465 956 683 1002 fortitudo
711 957 913 1019 optabilis
934 955 1022 1012 est3
1052 969 1094 1004 et
1120 968 1339 1004 tormenta
1367 959 1580 1020 patienter

296 1027 414 1077 ferre
444 1028 636 1092 optabile
661 1028 736 1075 est.
768 1029 856 1074 hoc
887 1030 1030 1085 enim,
1063 1028 1333 1076 fortitudinis
1357 1046 1456 1091 pars
1487 1030 1580 1078 est:

296 1103 368 1150 sed
397 1104 543 1166 separa
574 1102 674 1161 ista,
708 1113 758 1149 ut
786 1100 909 1159 dixi,
941 1101 1048 1148 nihil
1079 1101 1162 1148 erit
1192 1101 1315 1164 quod
1349 1101 1428 1148 tibi
1452 1101 1580 1150 faciat

295 1191 507 1223 errorem.
529 1176 635 1221 Non
662 1175 780 1221 enim
807 1175 895 1238 pati
924 1189 1143 1222 tormenta
1170 1174 1362 1235 optabile
1381 1174 1470 1229 est,
1507 1175 1579 1222 sed

295 1251 384 1314 pati
405 1250 593 1298 fortiter.
614 1251 722 1297 lllud
738 1263 850 1313 opto
865 1249 1039 1297 fortiter
1050 1286 1062 1304 ,
1081 1250 1203 1312 quod
1220 1249 1280 1295 est
1297 1250 1450 1298 virtus.
1460 1251 1579 1311 Quis

293 1335 440 1370 tamen
456 1328 648 1387 unquam
667 1323 755 1371 hoc
772 1322 849 1369 fibi
867 1322 1065 1384 optavit?
1080 1323 1312 1382 Quaedam
1328 1334 1434 1369 vota
1452 1339 1578 1385 aper-

295 1409 339 1443 ta
357 1409 401 1443 et
424 1395 616 1460 professa
630 1397 726 1443 sunt
740 1432 753 1454 ‚
775 1386 878 1442 cum
895 1395 1184 1458 particulatim
1205 1394 1314 1441 fiunt
1332 1413 1344 1441 :
1364 1396 1577 1458 quaedam

294 1468 447 1526 latent,
468 1486 568 1516 cum
591 1485 682 1515 uno
703 1479 814 1519 voto
836 1468 969 1514 multa
987 1466 1302 1530 comprehensa
1325 1467 1432 1514 sunt.
1453 1468 1579 1514 Tan-

296 1559 429 1605 quam
455 1555 568 1605 opto
588 1541 695 1588 mihi
716 1542 852 1588 vitam
873 1540 1097 1587 honestam
1118 1558 1129 1585 :
1150 1541 1241 1587 vita
1270 1550 1415 1586 autem
1435 1541 1580 1588 hone-

296 1613 355 1660 sta
377 1613 620 1660 aftionihus
645 1612 776 1659 variis
803 1611 983 1659 constat.
1018 1614 1065 1657 In
1094 1612 1174 1658 hac
1194 1610 1255 1657 est
1277 1604 1433 1674 Reguli
1452 1627 1576 1670 arca,

293 1685 479 1732 Catonis
513 1685 682 1733 {ciffum
715 1702 848 1731 manu
870 1685 941 1731 sua
959 1684 1123 1732 vulnus
1139 1721 1153 1741 ,
1178 1683 1329 1730 Rutilii
1351 1683 1543 1730 exsilium
1560 1716 1574 1740 ,

293 1760 404 1808 calix
428 1771 667 1806 venenatus
694 1759 772 1822 qui
800 1759 1021 1806 Socratem
1046 1757 1260 1804 transtulit
1285 1774 1309 1803 e
1329 1773 1503 1804 carcere
1530 1757 1575 1804 in

293 1835 488 1882 coelum.
521 1837 581 1880 Ita
612 1852 714 1881 cum
745 1831 901 1895 optavi
933 1831 1040 1878 mihi
1071 1832 1208 1878 vitam
1243 1830 1497 1889 honestam,
1532 1843 1576 1878 et

291 1909 398 1956 baec
415 1907 602 1971 optavi,
630 1906 718 1954 {ine
744 1906 904 1969 quibus
932 1905 1151 1952 interdum
1181 1903 1360 1952 honesta
1380 1920 1470 1950 non
1491 1921 1575 1969 po-

293 1981 375 2031 test
409 1981 509 2030 είῖε9

548 2090 590 2134 Ο
620 2106 753 2150 terque
782 2103 995 2150 quaterque
1018 2088 1149 2143 beati,

362 2166 496 2227 Queis
526 2180 621 2209 ante
640 2183 713 2210 ora
737 2180 906 2224 patrum
922 2198 936 2220 ,
957 2163 1102 2206 Troiae
1108 2163 1192 2222 sub
1214 2161 1422 2206 moenibus
1440 2161 1541 2206 altis

360 2241 549 2301 Contigit
575 2238 783 2298 oppetere!

291 2345 416 2406 Quid
442 2344 642 2402 interest,
681 2356 808 2407 optes
837 2344 923 2389 hoc
957 2341 1110 2398 alicui,
1145 2358 1198 2388 an
1226 2340 1420 2402 optabile
1450 2339 1572 2387 fuiffe

293 2417 498 2465 fatearis?
536 2417 704 2465 Decius
736 2417 778 2463 se
810 2433 894 2479 pro
928 2414 1172 2477 Republica
1203 2413 1390 2462 devovit
1409 2448 1423 2471 ‚
1453 2426 1496 2459 et
1526 2412 1570 2458 in

291 2491 463 2539 medios
479 2491 622 2540 hostes
650 2490 876 2539 concitato
904 2505 1023 2553 equo
1042 2500 1232 2535 mortem
1251 2500 1405 2551 petens
1428 2485 1571 2533 irruit.
