1807 3004
556 183 1131 229 EPISTULAE.
1417 199 1478 243 47

203 302 247 337 et
271 288 477 336 adversus
507 289 643 336 vitam
672 303 791 335 tuam
808 324 819 344 ,
845 289 987 367 coqita
1010 305 1138 352 quam
1170 287 1329 335 multos
1358 301 1482 336 ante-

208 362 389 410 cefl'eris.
425 362 547 422 Quid
580 362 657 407 tibi
690 379 788 408 cum
822 362 1004 408 ceteris?
1035 375 1078 410 te
1106 361 1195 424 ipse
1220 361 1487 407 antecessisti.

208 437 341 482 finem
366 435 605 493 constitue,
632 452 764 497 quem
795 435 968 481 transire
998 453 1051 482 ne
1074 434 1205 497 poffis
1223 433 1398 496 quidem
1417 470 1429 490 ‚
1457 435 1489 479 fi

208 509 343 556 velis:
366 508 584 554 discedent
604 508 843 570 aliquando
862 507 936 553 ista
956 506 1152 553 iniidiosa
1171 505 1287 552 bona
1302 541 1314 562 ,
1333 518 1374 551 et
1392 506 1490 568 spe-

207 583 402 629 rantibus
425 583 607 630 meliora
621 619 633 641 ,
653 599 783 645 quam
806 581 1017 628 ass'ecmis.
1037 581 1081 626 Si
1103 580 1208 643 quid
1224 579 1269 625 in
1287 580 1367 625 illis
1385 579 1490 625 effet

211 654 368 711 solidi,
399 655 633 718 aliquando
666 666 709 701 et
739 655 973 716 implerent
1002 672 1013 700 :
1044 670 1161 699 nunc
1193 651 1490 698 haurientium

209 726 320 772 fitim
342 727 593 785 concitant,
619 739 661 773 et
680 727 867 775 invitant
886 725 1066 790 specioii
1087 736 1326 787 apparatus.
1351 725 1493 784 Quod

212 797 348 845 futuri
372 800 584 861 temporis
614 800 776 846 incerta
808 799 899 846 sors
932 800 1104 853 voluit,
1132 815 1264 861 quare
1293 798 1439 860 potius
1468 816 1494 845 a

213 869 391 916 fortuna
414 872 643 934 impetrem
663 906 674 926 ‚
703 884 750 918 ut
769 872 862 928 det,
894 889 1024 935 quam
1054 887 1077 917 a
1105 888 1204 924 me,
1231 887 1284 916 ne
1309 871 1491 932 petam?

215 943 364 1001 Quare
396 957 538 989 autem
571 954 712 1004 petam
736 978 750 998 ‚
778 944 936 988 obhrw,
968 941 1207 1004 fragilitatis
1233 942 1487 988 humanae?

217 1016 493 1078 Congeram?
510 1017 555 1061 in
578 1015 712 1078 quid?
733 1017 956 1063 laborem?
980 1034 1082 1065 ecce
1100 1016 1170 1063 hic
1189 1016 1367 1064 ultimus
1388 1016 1493 1063 dies·

219 1098 266 1132 ut
284 1103 374 1133 non
394 1087 464 1146 fit,
492 1105 632 1151 prope
651 1088 705 1134 ab
726 1089 885 1135 ultimo
907 1089 981 1136 est.

496 1220 973 1266 EPISTOLA
1058 1221 1232 1267 XVI.

223 1347 534 1407 Philosophiam
555 1349 663 1393 vitae
695 1345 981 1412 necffzriam,
999 1350 1077 1410 fid
1103 1351 1219 1393 illam
1248 1366 1383 1393 veram
1402 1347 1501 1411 eſj'kj

288 1440 390 1481 quae
409 1422 690 1484 in'faffisstt‚
712 1420 753 1466 δ’
767 1423 960 1482 profic‘lu.
982 1424 1173 1483 Disl‘ooni
1193 1424 1244 1467 ab
1261 1441 1304 1466 eo
1323 1422 1502 1469 afflorzes

291 1491 334 1538 δ’
358 1494 536 1556 consilia.
557 1498 660 1540 Non
682 1496 830 1561 obstare
845 1532 857 1550 ‚
875 1497 925 1559 st
945 1500 1099 1543 Fatum
1101 1497 1165 1559 sit
1180 1532 1192 1552 ‚
1225 1512 1298 1541 aut
1318 1498 1503 1542 Fortuna

279 1566 342 1631 fic
361 1583 376 1610 :
397 1584 496 1610 nam
518 1564 559 1611 δ’
585 1569 660 1611 illa
678 1568 828 1612 docebit
848 1570 946 1613 Deo
959 1587 1098 1629 parere
1117 1604 1129 1625 ,
1147 1567 1187 1615 Cr
1209 1572 1433 1613 Fortunam
1453 1588 1502 1614 ac

281 1641 466 1701 fortuita
493 1634 718 1700 asperneiri.
749 1642 946 1700 Clausicla
981 1646 1073 1687 item
1103 1644 1155 1687 ab
1188 1643 1371 1702 Epicuro
1395 1660 1410 1686 .·
1428 1645 1506 1686 Se-

292 1715 471 1759 cundum
490 1714 685 1758 tz'a'curam
702 1714 773 1774 qui
790 1715 922 1773 vivit,
943 1716 1054 1761 dives
1075 1731 1090 1758 .·
1099 1714 1243 1774 sperne
1259 1715 1507 1774 opinionem.

233 1838 531 1958 LIQUERE
561 1901 640 1948 tibi
668 1903 757 1950 hoc
790 1902 910 1960 sci0,
943 1903 1108 1960 Lucili,
1136 1903 1357 1950 neminem
1390 1900 1511 1964 poffe

231 1976 355 2022 beate
390 1975 574 2033 vivere,
603 1992 657 2020 ne
687 1977 970 2022 tolerabiliter
1003 1978 1208 2041 quidem,
1234 1976 1321 2023 fine
1353 1976 1515 2038 sapien·

231 2048 317 2094 tiae
339 2048 482 2094 studio
506 2062 576 2094 :et
607 2049 775 2096 beatam
801 2049 937 2095 vitam
962 2051 1153 2112 perfecta
1182 2051 1387 2113 sapientia
1413 2049 1512 2095 effi·

236 2122 279 2168 ci
299 2157 312 2179 ,
341 2134 530 2168 ceterum
568 2122 840 2168 tolerabilem
874 2123 1002 2170 etiam
1034 2126 1251 2172 inchoata.
1286 2126 1368 2170 Sed
1402 2123 1521 2179 hoc,

235 2195 359 2257 quod
391 2194 553 2258 liquet,
589 2193 874 2252 firmandum,
905 2208 948 2243 et
972 2197 1098 2244 altius
1129 2198 1384 2261 quotidiana
1417 2213 1514 2242 me-

235 2267 450 2315 ditatione
479 2267 700 2331 figendum
734 2268 809 2315 est.
861 2271 958 2317 Plus
994 2270 1141 2334 operis
1175 2270 1235 2317 est
1269 2271 1313 2316 in
1348 2286 1403 2316 eo
1423 2305 1435 2325 ‚
1467 2280 1514 2315 ut

236 2340 460 2404 propofita
479 2340 718 2396 custodias,
739 2359 871 2404 quam
891 2357 939 2390 ut
959 2344 1138 2391 honesta
1155 2359 1392 2407 proponas.
1410 2345 1517 2388 Per-

236 2415 525 2462 severandum
546 2414 607 2463 est
622 2447 635 2470 ‚
661 2428 706 2462 et
726 2415 892 2463 affiduo
919 2415 1061 2463 studio
1090 2417 1226 2463 robur
1244 2416 1519 2472 addendum,

240 2487 384 2536 donec
405 2488 522 2535 bona
553 2505 676 2535 mens
704 2487 784 2547 fit,
811 2488 937 2552 quod
963 2488 1080 2534 bona
1108 2487 1312 2537 voluntas
1341 2487 1416 2536 est.
1441 2488 1520 2540 Ita}
