1807 3004
545 192 1121 240 EPISTOLAE.
1377 202 1467 256 103·

424 339 892 385 EPISTOLA
974 336 1245 385 XXXIII.

201 479 340 539 Negat
345 476 575 537 sententias
598 492 673 522 aut
697 479 833 524 chrias
853 496 871 523 e
894 478 1047 522 Stoicis
1073 477 1353 537 excerpendas.
1373 476 1473 521 Pri*

265 569 377 596 mum
391 585 403 607 ,
429 553 527 610 quia
558 554 699 595 onmia
721 554 848 610 plena
872 553 1023 595 talibus
1045 547 1086 594 δ’
1105 549 1230 609 densa
1241 550 1346 609 sime
1366 567 1381 594 :
1400 553 1473 595 de·

265 627 361 669 inde
383 626 482 684 quia
494 640 624 683 turpe,
644 643 734 670 cum
752 623 909 669 auilore
922 625 1081 685 semper
1097 625 1218 683 loqui.
1238 623 1474 688 Nostrafiz-

268 699 430 743 ciamus
446 732 462 754 ,
479 695 521 743 G·
539 698 628 743 vica
647 698 944 759 praeferamus.

208 822 578 935 DESIDERAS
597 885 662 933 his
688 900 865 949 quoque
884 882 1099 947 epistolis,
1120 883 1226 931 ficut
1243 881 1481 946 prioribus,

208 957 394 1003 adscribi
427 958 592 1019 aliquas
625 973 760 1004 voces
796 956 1043 1003 nostrorum
1080 972 1327 1018 procerum.
1374 958 1482 1002 Non

208 1030 388 1076 fuerunt
413 1031 528 1076 circa
552 1030 756 1077 flosculos
776 1029 980 1091 occupati
1002 1045 1013 1074 :
1033 1039 1153 1074 totus
1177 1039 1408 1074 contextus
1428 1027 1482 1074 il-

211 1103 355 1148 lorum
376 1103 514 1150 virilis
534 1103 608 1150 est.
632 1102 978 1165 inaequalitatem
1002 1099 1106 1147 scias
1132 1099 1218 1146 effe
1233 1135 1247 1157 ,
1281 1098 1355 1146 ubi
1374 1114 1486 1162 quae

211 1173 433 1230 eminent,
455 1173 662 1221 notabilia
685 1174 794 1221 sunt.
816 1174 923 1219 Non
941 1173 1000 1219 est
1020 1171 1298 1218 admirationi
1316 1187 1399 1217 una
1417 1188 1485 1217 ar-

210 1245 324 1303 bor‚
352 1245 428 1293 ubi
460 1246 505 1292 in
528 1247 709 1292 eandem
738 1245 1014 1292 altitudinem
1042 1256 1134 1291 tota
1159 1243 1262 1290 silva
1287 1242 1486 1290 surrexi&

212 1319 442 1366 Eiusmodi
464 1320 651 1367 vocibus
670 1317 826 1364 referta
857 1318 951 1364 sunt
972 1317 1161 1364 carmina
1182 1334 1191 1361 :
1212 1315 1395 1362 refertae
1419 1315 1487 1361 hi,

212 1390 382 1439 fioriae.
407 1392 553 1455 [taque
578 1391 682 1437 nolo
702 1390 877 1452 Epicuri
899 1391 989 1436 illas
1009 1389 1093 1436 effe
1111 1389 1326 1435 existimes
1348 1407 1357 1434 :
1378 1390 1487 1452 pub·

215 1463 322 1510 licae
349 1465 472 1521 sunt,
493 1477 535 1510 et
562 1463 753 1509 maxime
777 1463 959 1509 nostrae.
989 1463 1073 1510 Sed
1091 1463 1136 1509 in
1155 1462 1233 1508 illo
1259 1462 1396 1525 magis
1413 1479 1490 1507 ann
1531 1504 1559 1513 ,Α

215 1547 449 1593 notantur,
478 1536 577 1600 quia
607 1552 725 1581 rarae
753 1535 1072 1594 interveniunt,
1101 1537 1202 1598 quia
1225 1535 1489 1597 insperatae,

215 1608 318 1671 {luia
348 1609 507 1655 mirum
532 1608 592 1655 est
614 1607 777 1671 aliquid
796 1606 969 1655 fortiter
985 1609 1072 1656 dici
1095 1611 1148 1655 ab
1171 1609 1351 1656 homine
1374 1609 1490 1656 mol—-

216 1680 350 1727 litiam
372 1680 583 1743 profeffo.
617 1684 676 1727 lta
702 1681 816 1726 enim
837 1682 1035 1744 plerique
1059 1682 1265 1729 iudicant.
1284 1684 1398 1745 apud
1420 1699 1492 1730 me

218 1768 330 1799 vero
352 1753 562 1815 Epicurus
581 1753 642 1798 est
661 1768 704 1799 et
722 1752 871 1811 fortis,
896 1755 998 1801 licet
1019 1755 1283 1802 manuleatus
1302 1756 1367 1803 fit.
1383 1760 1492 1804 For-

219 1825 386 1881 titudo,
415 1838 458 1872 et
477 1825 681 1871 industria
696 1858 710 1880 ‚
730 1837 772 1872 et
792 1827 845 1872 ad
870 1828 1027 1873 bellum
1048 1843 1223 1889 promta
1242 1846 1384 1883 mens,
1405 1842 1494 1876 tam

220 1895 266 1941 in
296 1895 438 1942 Persas
467 1914 598 1959 quam
629 1897 674 1942 in
707 1898 790 1944 alte
816 1897 981 1944 cin&os
1010 1900 1137 1946 cadit.
1166 1902 1272 1947 Non
1298 1901 1358 1947 est
1388 1917 1495 1965 ergo

221 1968 345 2030 quod
371 1968 516 2031 exigas
533 1971 753 2031 ‘excerpta
770 2004 784 2024 ‚
818 1983 861 2015 et
888 1970 1070 2032 repetita
1095 1990 1107 2018 :
1138 1974 1398 2021 continuum
1435 1974 1497 2021 est

222 2041 338 2102 apud
359 2040 561 2099 nostros,
586 2041 801 2106 quidquid
827 2043 942 2103 apud
969 2043 1076 2091 alios
1101 2046 1361 2108 excerpitur.
1391 2049 1500 2093 Non

225 2114 434 2161 habemus
459 2115 603 2177 itaque
632 2116 707 2161 ista
739 2115 994 2173 odorifera,
1021 2134 1103 2163 nec
1133 2131 1346 2165 emtorem
1377 2119 1498 2167 deci-

225 2187 394 2249 pimus,
414 2188 520 2233 nihil
542 2188 820 2235 inventurum
848 2205 947 2235 cum
967 2189 1223 2248 intraverit,
1242 2206 1412 2252 praeter
1431 2187 1502 2240 illa

225 2278 336 2324 qnae
355 2261 399 2306 in
419 2259 566 2308 fronte
582 2261 779 2323 suspensa
801 2260 910 2307 sunt.
928 2262 1030 2323 Ipsis
1050 2263 1365 2325 permittimus,
1386 2267 1503 2313 unde

224 2335 364 2382 velint
398 2335 565 2383 sumere
600 2335 836 2398 exemplar.
878 2336 982 2381 Puta
1017 2352 1099 2382 nos
1131 2336 1245 2384 velle
1275 2337 1502 2401 singulares

228 2407 456 2454 sententias
485 2424 539 2454 ex
567 2408 692 2454 turba
710 2409 932 2470 separare:
957 2408 1031 2454 cui
1056 2408 1146 2455 illas
1174 2409 1504 2472 assignabimus?

229 2480 429 2540 Zenoni,
447 2497 502 2528 an
519 2479 748 2539 Cleanthi,
763 2496 817 2526 an
831 2478 1094 2544 Chrysippo
1110 2517 1124 2540 ,
1143 2498 1195 2527 an
1215 2483 1516 2543 Panaeti0‚am

1151 2557 1262 2617 Ga·
