1807 3004
545 191 1124 239 EptsTOLAE.
1409 206 1471 255 77

200 309 301 345 tem.
330 301 598 360 Imperator,
643 298 811 360 inquit,
853 299 963 344 bene
996 298 1036 344 se
1063 297 1202 343 habet.
1248 298 1317 342 An
1351 298 1472 345 aliter

200 372 380 416 debebat
408 373 674 432 Imperator,
696 383 735 414 et
761 371 939 432 quidem
967 369 1172 424 Catonis,
1194 370 1340 415 mori?
1368 372 1473 416 Non

200 459 371 489 revoco
396 459 437 489 te
464 444 516 488 ad
542 442 766 496 historiam
794 459 872 488 nec
899 459 950 487 ex
972 442 1176 487 omnibus
1197 442 1344 487 seculis
1361 459 1475 487 con—

200 530 404 563 temtores
429 517 607 572 mortis,
638 516 713 578 qui
744 516 838 562 sunt
871 515 1072 578 plurimi,
1102 516 1289 579 colligo:
1312 517 1476 578 respice

199 593 254 637 ad
288 593 391 637 haec
427 591 570 636 nostra
602 603 829 651 tempora,
859 591 911 635 de
943 604 1134 651 quorum
1175 588 1387 650 languore
1424 604 1476 634 ac

201 664 364 710 deliciis
385 665 618 726 querimur,
638 663 781 708 omnis
799 662 963 707 ordinis
985 660 1185 706 homines
1203 660 1474 719 succurrent,

201 736 344 782 omnis
371 735 573 781 fortunae
593 771 606 792 ‚
639 735 782 780 omnis
812 735 988 789 aetatis,
1007 733 1080 794 qui
1111 733 1219 778 mala
1254 734 1323 778 sua
1356 749 1479 778 mor-

199 819 242 854 te
282 807 596 870 praeciderunt.
645 807 754 851 Mihi
794 807 921 852 crede
945 842 958 863 ‚
996 805 1168 862 Lucili,
1202 806 1312 850 adeo
1355 821 1476 852 mors

200 882 392 928 timenda
428 900 518 928 non
559 881 619 927 est
658 914 672 936 ‚
707 894 756 926 ut
792 880 1011 927 beneficio
1044 880 1136 925 eius
1166 880 1272 925 nihil
1308 881 1475 927 antefe-

202 957 383 1001 rendum
419 955 480 1002 fit.
532 957 716 1001 Securus
752 955 896 1016 itaque
934 953 1100 1018 inimici
1148 953 1286 998 minas
1325 953 1425 999 audi
1463 971 1476 999 :

201 1044 243 1073 et
283 1029 482 1089 quamvis
521 1027 787 1074 conscientia
821 1041 892 1072 tua
929 1026 1007 1072 tibi
1045 1025 1246 1071 fiduciam
1291 1024 1422 1071 faciat
1455 1057 1470 1081 ‚

201 1111 346 1145 tamen
380 1100 479 1162 quia
518 1101 651 1145 multa
688 1114 810 1146 extra
843 1101 1011 1146 causam
1055 1100 1202 1146 valent
1227 1135 1241 1157 ‚
1277 1116 1319 1146 et
1355 1101 1481 1162 quod

201 1171 498 1233 aequissimum
536 1171 595 1218 est
615 1207 628 1229 ,
657 1172 806 1234 spera,
841 1184 883 1218 et
914 1173 965 1218 ad
1004 1173 1049 1218 id
1072 1185 1113 1218 te
1151 1174 1273 1236 quod
1306 1173 1367 1220 est
1400 1174 1484 1220 ini-

204 1243 480 1305 quiffimum‚
515 1260 734 1305 compara.
777 1245 885 1291 Illud
914 1257 1012 1290 ante
1043 1245 1193 1290 omnia
1222 1258 1447 1293 memento
1466 1278 1481 1301 ‚

204 1317 379 1365 demere
410 1318 539 1364 rebus
562 1318 794 1364 tumultum
811 1354 824 1374 ‚
850 1335 899 1365 ac
926 1319 1076 1365 videre
1097 1319 1204 1380 quid
1237 1319 1281 1364 in
1309 1337 1484 1382 quaque

202 1406 249 1437 re
280 1390 326 1435 fit
352 1408 360 1435 :
391 1390 495 1436 scies
526 1390 629 1435 nihil
661 1389 742 1436 effe
774 1390 820 1435 in
854 1390 942 1436 istis
979 1390 1198 1448 terribile,
1236 1391 1313 1436 nisi
1344 1391 1484 1452 ipsum

203 1461 424 1507 timorem.
469 1461 605 1520 Quod
639 1461 762 1507 vides
794 1460 990 1507 accidere
1025 1462 1192 1522 pueris,
1228 1462 1316 1508 hoc
1352 1463 1482 1509 nobis

204 1549 384 1596 quoque
421 1534 663 1581 maiusculis
705 1535 851 1596 pueris
874 1536 1036 1580 evenit.
1076 1534 1136 1580 illi
1164 1551 1276 1598 quos
1306 1547 1450 1581 amant
1471 1570 1487 1593 ‚

205 1608 363 1670 quibus
391 1608 686 1666 assueverunt,
719 1625 819 1654 cum
841 1609 998 1671 quibus
1026 1607 1182 1654 ludunt
1197 1645 1212 1666 ,
1233 1609 1261 1654 fi
1284 1610 1488 1672 persona-

208 1693 276 1727 tos
303 1681 483 1738 vident,
513 1682 810 1744 expavescunt
837 1700 847 1728 :
881 1698 970 1728 non
1002 1682 1255 1730 hominibus
1287 1696 1453 1730 tantum
1474 1716 1490 1740 ,

206 1753 278 1800 sed
301 1766 344 1800 et
365 1755 493 1801 rebus
522 1755 705 1818 persona
736 1757 951 1803 demenda
978 1756 1064 1816 est,
1094 1769 1138 1804 et
1168 1758 1388 1805 reddenda
1422 1759 1489 1805 fa-

206 1828 292 1875 cies
317 1829 399 1874 sua.
435 1830 557 1890 Quid
577 1829 683 1875 mihi
709 1830 874 1892 gladios
892 1842 934 1876 et
957 1831 1076 1894 ignes
1101 1831 1291 1879 ostendis
1306 1868 1317 1890 ,
1338 1845 1380 1880 et
1398 1848 1491 1880 tur-2

208 1900 305 1944 bam
340 1900 594 1946 carnificum
627 1902 740 1948 circa
773 1912 815 1946 te
854 1901 1171 1949 frementium?
1216 1905 1343 1950 Tolle
1370 1906 1492 1953 istam

207 1987 437 2033 pompam,
457 1969 534 2017 sub
559 1989 641 2034 qua
670 1972 771 2018 lates
787 2003 801 2027 ‚
826 1988 868 2019 et
888 1973 1040 2020 stultos
1064 1975 1248 2021 territas.
1270 1992 1389 2023 mors
1417 1993 1459 2023 es
1474 2012 1490 2037 ,

207 2061 337 2106 quam
361 2061 501 2107 nuper
534 2046 680 2092 servus
711 2063 858 2104 meus,
891 2063 1022 2111 quam
1053 2049 1207 2094 ancilla
1235 2050 1483 2097 contemsit.

211 2118 335 2177 Quid
363 2133 412 2163 tu
439 2120 582 2166 rursus
614 2119 721 2165 mihi
747 2120 917 2183 flagella
939 2134 981 2168 et
1007 2122 1182 2169 eculeos
1215 2140 1378 2186 magno
1409 2143 1492 2188 ap·

203 2201 364 2253 paratu
393 2190 609 2251 explicas?
647 2192 754 2254 quid
784 2192 957 2256 singulis
989 2194 1179 2241 articulis
1206 2195 1365 2258 singula
1396 2214 1491 2243 ma-

209 2265 515 2321 chinamenta,
544 2266 701 2328 quibus
729 2280 1101 2328 extorqueantur,
1131 2282 1298 2331 aptata,
1323 2282 1367 2316 et
1392 2272 1490 2318 mil-

210 2337 250 2383 le
271 2338 348 2382 alia
375 2336 659 2383 instrumenta
683 2338 1020 2385 excarnificandi
1042 2342 1328 2401 particulatim
1352 2343 1496 2390 homi*

211 2408 305 2454 nis?
329 2409 447 2453 Pone
482 2408 579 2462 ista,
599 2426 710 2472 quae
741 2426 820 2455 nos
846 2409 1229 2470 obstupefaciunt:
1259 2411 1360 2459 iube
1390 2431 1496 2460 con·

213 2481 420 2531 ticescere
441 2482 628 2545 gemitus
652 2496 695 2531 et
720 2484 1090 2544 exclamationes,
1115 2501 1159 2534 et
1187 2504 1354 2536 vocum
1382 2488 1495 2536 inter
