1797 2956
246 195 334 243 152
466 178 516 225 L.
577 176 885 222 ANNAEI
940 175 1293 221 SENECAE

241 285 286 330 in
320 296 520 346 apertum
560 298 635 344 per
677 296 801 329 notas
833 292 1002 326 exeunt.
1051 281 1202 341 Qualis
1231 280 1412 344 quisque
1447 280 1530 338 fit,

243 360 368 415 seies,
395 356 423 402 fi
451 355 830 419 quemadmodum
854 354 1076 409 laudetur,
1110 354 1368 416 adspexeris.
1413 355 1530 402 Hinc

244 445 372 494 atque
405 430 526 475 illinc
555 426 824 489 philosopho
857 441 1010 471 manus
1039 425 1212 470 auditor
1246 425 1427 470 intentat
1447 460 1460 480 ‚
1486 438 1532 471 et

244 506 374 567 super
406 500 549 565 ipsum
584 514 713 563 caput
750 502 1001 546 mirantium
1037 500 1164 546 turba
1199 497 1401 546 consistit.
1439 515 1531 548 non

241 578 441 624 laudatur
466 575 536 621 ille
559 591 697 630 nunc,
714 574 741 619 fi
762 573 996 635 intelligas,
1015 572 1087 617 sed
1107 571 1420 619 conclamatur.
1444 574 1530 624 Re-

244 649 626 713 linquantur-istae
651 665 785 696 voces
807 649 887 694 illis
912 648 1097 704 artibus,
1117 664 1227 710 quae
1256 647 1531 709 propositum

244 727 404 772 habent
433 725 602 786 placere
633 723 835 785 populo:
861 721 1138 785 philosophia
1169 722 1388 767 adoretur.
1428 723 1535 766 Per-

248 798 508 847 mittendum
544 795 624 843 erit
662 797 896 859 aliquando
933 795 1197 850 iuvemhus,
1240 794 1356 856 sequi
1394 794 1533 856 impe-

248 888 341 920 tum
368 872 517 918 animi.
538 886 643 917 tunc
672 885 815 917 autem
843 870 930 915 hoc
951 886 1004 915 ex
1035 869 1202 930 impetu
1221 867 1382 917 facient
1399 904 1411 925 ,
1434 886 1534 914 cum

247 948 463 993 silentium
497 946 573 992 fibi
606 946 821 1007 imperare
855 961 945 989 non
973 955 1195 1006 poterunt.
1229 943 1348 989 Talis
1382 943 1533 989 lauda-

249 1022 315 1067 tio
337 1020 501 1083 aliquid
532 1019 852 1066 exhortationis
883 1017 1008 1062 affert
1040 1016 1140 1079 ipsis
1171 1015 1471 1072 audientibus,
1492 1028 1535 1061 et

257 1093 428 1141 animos
454 1091 790 1140 adolescentium
820 1090 1073 1139 exstimulat.
1117 1089 1182 1135 Ad
1208 1105 1299 1134 rem
1327 1105 1535 1135 commo—

255 1182 467 1221 veantur,
494 1181 584 1210 non
617 1164 668 1210 ad
703 1163 836 1209 verba
866 1162 1122 1224 composita.
1153 1160 1317 1223 alioqui
1342 1174 1471 1207 nocet
1492 1160 1539 1205 il-

257 1239 309 1286 lis
334 1237 612 1299 eloquentia,
642 1237 674 1282 fi
705 1253 795 1283 non
828 1253 974 1282 rerum
1003 1233 1286 1296 cupiditatem
1314 1233 1443 1290 facit,
1469 1234 1540 1280 sed

254 1311 331 1358 sui.
367 1308 582 1356 Dssfferam
621 1308 708 1354 hoc
736 1308 780 1354 in
811 1305 1035 1368 praesenti.
1061 1304 1270 1351 defiderat
1298 1306 1413 1350 enim
1435 1320 1539 1365 pro-

255 1383 393 1447 priam
424 1394 465 1427 et
481 1382 660 1443 longam
685 1377 1034 1431 exsecutionem,
1060 1377 1436 1439 quemadmodum
1458 1392 1543 1437 po-

257 1456 364 1520 pulo
391 1454 681 1501 differendum
699 1490 711 1509 ‚
736 1453 841 1518 quid
872 1453 948 1499 fibi
973 1451 1088 1514 apud
1116 1451 1328 1513 populum
1363 1450 1542 1511 permit—

258 1528 438 1577 tendum
472 1528 548 1585 fit,
581 1528 687 1591 quid
725 1527 893 1590 populo
930 1525 1046 1588 apud
1081 1524 1138 1571 se.
1179 1524 1408 1570 Damnum
1439 1523 1542 1586 qui-

260 1602 361 1649 dem
395 1600 540 1648 feciffe
565 1592 911 1664 philosophiam,
938 1616 1028 1646 non
1059 1598 1141 1646 erit
1175 1598 1355 1645 dubium
1375 1634 1389 1654 ,
1419 1597 1543 1658 post-

260 1692 391 1740 quam
420 1674 649 1736 prostituta
670 1674 730 1721 est
755 1692 766 1720 z
799 1673 870 1719 sed
903 1670 1044 1734 potest
1068 1671 1112 1716 in
1141 1670 1431 1732 penetralibus
1460 1669 1545 1715 suis

263 1749 460 1808 ostendi,
481 1748 510 1794 fi
528 1750 671 1796 modo
691 1764 784 1796 non
803 1746 1046 1795 institorem
1059 1781 1073 1803 ‚
1090 1744 1163 1793 sed
1189 1743 1419 1792 antistitem
1442 1743 1545 1792 nac'-

262 1837 304 1874 ta
332 1823 406 1872 est.

663 2094 1148 2105 m-m-*a
