1807 3004
563 183 1127 236 EPISTOLAE.
1406 206 1492 255 199

218 292 371 356 pidus,
401 309 534 357 quem
563 293 679 339 nulla
708 293 775 341 vis
804 293 997 357 frangat,
1031 309 1163 356 quem
1183 308 1264 341 nec
1297 294 1493 341 attollant

217 365 422 423 fortuita,
464 382 545 411 nec
578 364 837 427 deprimant.
884 363 1004 411 Talis
1041 363 1173 410 animi
1222 364 1365 412 virtus
1397 366 1492 423 est,

218 439 324 485 haec
356 439 446 485 eius
477 437 640 496 facies,
677 438 707 484 fi
744 439 818 484 sub
852 455 990 485 unum
1026 437 1176 487 veniat
1211 437 1490 500 adspectum,

218 523 262 556 et
284 509 413 556 semel
440 520 532 555 tota
556 509 595 555 se
615 507 825 556 ostendat.
865 510 1073 556 Ceterum
1094 509 1253 557 multae
1284 509 1376 558 eius
1394 509 1491 573 spe·-

218 582 306 629 cies
335 582 463 638 sunt,
489 598 600 645 quae
627 598 710 644 pro
740 581 856 629 vitae
884 581 1093 629 varietate
1119 594 1162 628 et
1195 597 1278 644 pro
1307 581 1493 630 affioni-

216 656 297 702 bus
328 656 596 718 explicantur
619 673 629 701 :
659 672 740 702 nec
766 657 916 702 minor
943 654 992 702 fit
1011 671 1083 702 aut
1109 656 1250 702 maior
1268 654 1369 719 ipsa.
1397 657 1493 704 De-

215 727 406 774 crescere
435 727 553 774 enim
574 726 791 774 summum
817 728 985 773 bonum
1004 743 1096 772 non
1115 727 1256 790 potest
1272 763 1285 786 ,
1306 744 1385 774 nec
1406 727 1494 776 vir-

213 799 293 847 tuti
311 800 375 847 irc
411 813 528 847 retro
557 801 657 847 licet
682 818 694 846 :
722 801 794 847 sed
814 800 856 846 in
875 800 976 847 alias
995 812 1124 863 atque
1143 800 1244 846 alias
1266 800 1495 863 qualitates

214 872 490 920 convertitur
507 908 520 929 ,
538 873 591 919 ad
608 890 753 919 rerum
785 889 889 936 quas
911 873 1057 918 actura
1087 871 1147 918 est
1167 872 1362 918 habitum
1383 871 1494 934 figu-

210 956 315 991 rata.
343 945 576 1009 Quidquid
603 945 770 1009 attigit,
800 945 843 990 in
875 944 1197 991 similitudinem
1228 943 1290 990 sui
1313 943 1493 992 adducit

211 1030 256 1063 et
284 1016 442 1080 tingit:
466 1017 677 1076 actiones,
705 1016 938 1073 amicitias,
967 1016 1187 1063 interdum
1220 1016 1383 1062 domos
1415 1029 1491 1063 to-

208 1102 298 1144 tas,
329 1105 434 1152 quas
453 1088 636 1136 intravit
665 1088 980 1152 disposuitque,
1012 1088 1282 1136 condecorat
1312 1106 1325 1136 :
1357 1088 1491 1151 quid=

209 1159 316 1223 quid
337 1162 559 1219 tractavit,
581 1161 627 1208 id
652 1161 858 1218 amabile,
879 1161 1163 1223 conspicuum
1178 1196 1191 1218 ‚
1214 1161 1411 1225 mirabile
1431 1160 1492 1208 fa-

208 1231 284 1280 cit.
316 1234 463 1296 Itaque
492 1233 562 1281 vis
591 1232 685 1280 eius
718 1245 759 1279 et
788 1233 1045 1296 magnitudo
1079 1232 1189 1279 ultra
1220 1249 1313 1280 non
1349 1232 1494 1295 potest

209 1304 414 1368 surgere,
435 1305 613 1367 quando
639 1304 955 1352 incrementum
975 1304 1172 1351 maximo
1195 1321 1287 1350 non
1313 1305 1386 1352 est.
1406 1305 1493 1351 Ni-

208 1375 270 1422 hil
296 1376 495 1424 invenies
529 1376 684 1423 rectius
712 1377 858 1435 recto,
888 1393 981 1423 non
1012 1375 1149 1439 magis
1178 1392 1309 1438 quam
1346 1377 1492 1424 verius

207 1464 350 1506 ver0,
383 1466 516 1511 quam
542 1464 788 1511 temperato
817 1448 1114 1512 temperatius.
1142 1447 1287 1495 omnis
1313 1448 1360 1495 in
1388 1465 1491 1496 mo-

207 1521 269 1569 do
299 1522 360 1568 est
381 1521 550 1569 virtus:
572 1522 732 1569 modus
753 1537 871 1570 certa
896 1521 1099 1568 mensura
1125 1520 1198 1569 est,
1231 1521 1490 1570 Constantia

209 1609 301 1640 non
326 1593 457 1640 habet
477 1609 566 1657 quo
591 1594 826 1655 procedat,
861 1609 952 1638 non
981 1591 1116 1654 magis
1141 1608 1272 1657 quam
1298 1593 1455 1641 fiducia
1473 1629 1488 1654 ,

203 1677 280 1728 ,³1¹1
307 1666 490 1724 veritas,
524 1677 595 1712 aut
625 1664 746 1712 fides.
785 1665 908 1725 Quid
944 1666 1151 1711 accedere
1180 1664 1375 1726 perfecto
1403 1682 1490 1729 po·

219 1738 317 1786 test?
334 1738 452 1786 nihil.
473 1752 545 1786 aut
566 1738 812 1802 perfectum
834 1755 925 1785 non
940 1750 1059 1795 erat,
1078 1738 1146 1785 cui
1163 1739 1362 1786 acceffit:
1382 1756 1490 1804 ergo

218 1811 444 1870 nzvirtuti
463 1811 641 1875 quidem
659 1847 674 1870 ,
706 1811 776 1858 cui
802 1811 832 1856 fi
849 1810 956 1875 quid
976 1811 1105 1858 adiici
1136 1812 1276 1873 potest
1292 1848 1306 1872 ,
1340 1813 1491 1861 defuit.

217 1883 456 1932 anestum
487 1900 669 1948 quoque
694 1884 853 1930 nullam
881 1885 1167 1931 accessionem
1194 1885 1376 1948 recipit:
1403 1887 1490 1934 ho-

217 1956 377 2002 nestum
400 1955 461 2004 est
487 1956 603 2002 enim
637 1967 819 2018 propter
844 1954 917 2001 illa
944 1971 1053 2017 quae
1073 1955 1210 2003 retuli.
1240 1956 1362 2016 Quid
1384 1973 1490 2019 por-

216 2043 269 2074 ro
290 2030 495 2076 decorum
510 2065 524 2088 ‚
543 2041 584 2076 et
603 2028 761 2076 iustum
774 2064 788 2087 ,
813 2040 856 2076 et
875 2027 1117 2092 legitimum
1135 2029 1153 2076 ἒ
1174 2046 1265 2077 non
1290 2029 1489 2078 eiusdem

216 2098 303 2147 effe
317 2100 487 2149 formae
515 2112 662 2165 putas,
691 2101 821 2148 certis
853 2101 1050 2150 terminis
1079 2103 1488 2166 comprehensum?

216 2171 413 2222 Crescere
438 2174 588 2238 poffe,
616 2174 899 2238 imperfectae
929 2175 991 2222 rei
1017 2174 1180 2240 signum
1207 2175 1269 2224 est
1289 2194 1300 2222 ε
1320 2177 1491 2224 bonum

214 2259 346 2292 omne
377 2248 423 2294 in
449 2249 618 2296 easdem
651 2247 766 2297 cadit
795 2247 909 2311 leges
933 2265 945 2295 :
979 2248 1124 2297 iuncta
1154 2249 1215 2297 est
1244 2250 1413 2313 privata
1446 2261 1490 2298 et

216 2320 386 2382 publica
414 2323 596 2389 utilitas,
624 2337 713 2371 tam
736 2323 1029 2384 mehercules,
1061 2342 1192 2389 quam
1210 2325 1491 2389 inseparabile

214 2391 296 2450 est,
315 2395 576 2444 laudandum
601 2397 937 2460 petendumque.
965 2400 1084 2462 Ergo
1108 2399 1292 2446 virtutes
1313 2399 1427 2446 inter
1448 2398 1490 2445 se

216 2482 340 2528 pares
370 2468 495 2528 sunt,
525 2481 567 2519 et
593 2487 728 2535 opera
761 2471 1002 2535 virtutum,
1030 2486 1074 2522 et
1104 2490 1258 2524 omnes
1286 2473 1492 2522 homines

1078 2548 1123 2594 N
1157 2566 1187 2609 4
