1780 2988
494 169 1068 217 EP1sT0LAE‚
1321 183 1411 231 397

145 275 382 334 eiusmodi,
410 291 519 338 quae
540 290 630 319 non
658 274 799 319 minus
824 288 953 334 quam
975 270 1286 317 medicamenta
1310 287 1419 333 pro—

147 351 312 398 ficiunt.
345 349 506 395 Adiicit
525 348 728 393 remediis
750 347 961 393 medicina
991 344 1233 391 consilium.
1256 347 1388 389 Error
1403 379 1417 401 ‚

148 423 313 485 inquit,
345 420 404 466 est
433 419 555 466 causa
589 419 798 481 peccandi
832 434 840 461 2
875 417 990 462 hunc
1026 416 1152 461 nobis
1188 430 1418 478 praecepta

149 512 239 540 non
270 493 530 549 detrahunt,
562 508 653 537 non
681 502 931 552 expugnant
955 488 1186 550 opiniones
1214 490 1266 534 de
1290 489 1420 535 bonis

149 584 201 613 ac
225 566 346 612 malis
371 564 509 611 falsas.
542 564 755 609 Concedo
775 598 788 620 ‚
817 579 894 623 per
913 561 954 607 se
979 561 1168 607 efficacia
1192 575 1419 623 praecepta

149 652 238 681 non
259 634 343 680 effe
362 635 414 679 ad
433 633 711 680 evertendam
727 648 907 694 pravam
927 631 1059 676 animi
1080 631 1414 694 persuasionem:

149 707 220 753 sed
249 722 339 752 non
374 706 507 763 ideo,
544 722 597 750 ne
628 705 718 750 aliis
751 704 926 767 quidem
955 704 1138 762 adie&a‚
1169 702 1419 766 proficiunt.

149 781 344 826 Primum
366 778 623 824 memoriam
644 789 888 823 renovant:
916 777 1089 833 deinde,
1109 794 1218 839 quae
1245 777 1288 822 in
1318 777 1418 822 uni-

150 853 278 899 verso
305 850 524 898 confufius
543 848 801 894 videbantur
818 880 832 902 ,
853 848 896 892 in
922 861 1063 910 partes
1083 848 1218 893 divisa
1237 848 1423 910 diligen—

154 924 237 970 tius
267 922 602 970 considerantur.
629 923 684 966 At
705 935 751 966 tu
778 922 859 967 isto
878 922 1017 966 modo
1045 921 1143 966 licet
1162 934 1204 966 et
1223 921 1424 966 consola-—

152 995 294 1042 tiones
327 996 441 1041 dicas
481 994 791 1055 supervacuas,
829 1008 871 1039 et
905 992 1267 1039 exhortationes:
1303 992 1422 1056 atqui

151 1084 242 1112 non
267 1066 361 1112 sunt
391 1066 681 1128 supervacuae
704 1083 713 1111 :
734 1081 839 1128 ergo
860 1082 912 1110 ne
937 1066 1203 1111 monitiones
1231 1065 1424 1128 quidem„

152 1139 334 1185 Stultum
353 1137 440 1194 est,
466 1138 637 1202 inquit,
668 1139 919 1200 praecipere
950 1153 1082 1199 aegro
1101 1173 1117 1194 ,
1147 1138 1253 1199 quid
1283 1137 1424 1183 facere

152 1225 356 1276 tanquam
389 1212 508 1257 sanus
532 1211 684 1257 debeat
712 1228 723 1256 :
751 1227 850 1257 cum
887 1209 1141 1256 restituenda
1170 1209 1319 1256 sanitas
1344 1209 1425 1266 sit,

154 1284 240 1331 fine
253 1302 336 1348 qua
353 1284 471 1330 irrita
491 1283 586 1329 sunt
604 1296 843 1346 praecepta.
861 1284 982 1342 Quid
997 1284 1118 1346 quod
1137 1283 1293 1329 habent
1309 1284 1424 1346 aegri

154 1357 327 1418 sanique
357 1356 569 1418 quaedam
601 1356 881 1413 communia,
912 1356 964 1400 de
984 1355 1142 1417 quibus
1161 1353 1428 1400 admonendi

153 1429 279 1476 sunt?
301 1441 503 1492 tanquam
519 1464 532 1485 ,
550 1444 603 1474 ne
622 1428 748 1475 avide
768 1429 890 1474 cibos
909 1440 1135 1491 appetant,
1156 1440 1202 1474 ut
1219 1428 1427 1474 laffitudi-

153 1520 256 1549 nem
284 1503 435 1549 vitent.
463 1502 637 1548 Habent
665 1503 878 1564 quaedam
914 1516 1143 1566 praecepta
1172 1503 1429 1550 communia

154 1590 318 1636 pauper
333 1586 375 1619 et
394 1574 530 1619 dives.
547 1575 676 1631 Sana,
702 1574 865 1636 inquit,
888 1576 1110 1621 avaritiam
1125 1611 1138 1632 ‚
1160 1589 1202 1620 et
1222 1575 1330 1620 nihil
1348 1575 1426 1620 ha-

156 1646 303 1703 bebis,
331 1646 451 1708 quod
478 1646 713 1691 admoneas
737 1657 810 1690 aut
837 1662 1069 1707 pauperem
1085 1678 1098 1701 ,
1127 1657 1200 1691 aut
1219 1645 1425 1700 divitem,

156 1717 186 1763 fi
213 1717 423 1780 cupiditas
445 1718 663 1780 utriusque
687 1717 894 1764 confidet.
921 1718 1044 1778 Quid
1069 1719 1190 1782 quod
1210 1718 1321 1764 aliud
1345 1717 1427 1775 est,

156 1807 248 1837 non
274 1791 580 1855 concupiscere
601 1791 860 1853 pecuniam?
890 1791 1028 1848 aliud,
1052 1792 1114 1837 uti
1142 1790 1325 1853 pecunia
1346 1790 1430 1836 sci-

157 1865 237 1909 re?
262 1865 382 1910 cuius
405 1864 525 1910 avari
552 1865 736 1909 modum
764 1863 997 1926 ignorant,
1028 1864 1157 1910 etiam
1184 1879 1274 1908 non
1308 1861 1428 1909 avari

159 1940 295 1982 ulum.
313 1936 467 1993 Tolle,
493 1935 660 1999 inquit,
690 1952 859 1982 errores
879 1952 890 1981 :
914 1935 1181 1998 supervacua
1201 1948 1430 1998 praecepta

159 2010 268 2057 sunt.
285 2010 450 2056 Falsum
469 2009 544 2057 est.
559 2022 660 2071 puta
678 2010 792 2056 enim
806 2008 1030 2056 avaritiam
1050 2009 1278 2054 relaxatam
1297 2024 1308 2050 ε
1328 2019 1432 2068 puta

159 2081 398 2129 adstriEtam
416 2081 500 2127 esse
523 2081 756 2139 luxuriam,
774 2081 1007 2129 temeritati
1026 2080 1199 2126 fraenos
1219 2080 1398 2126 inieclos
1416 2113 1431 2137 ,

160 2153 362 2216 ignaviae
381 2152 597 2199 subditum
623 2154 786 2199 calcar:
807 2152 936 2199 etiam
956 2151 1136 2198 remotis
1154 2151 1294 2209 vitiis,
1321 2152 1429 2213 quid

159 2238 204 2271 et
233 2225 604 2287 quemadmodum
636 2225 868 2279 debeamus
892 2225 1033 2271 facere
1052 2260 1065 2282 ,
1085 2224 1335 2270 discendum
1355 2224 1430 2272 est.

160 2295 309 2350 Nihil,
327 2295 495 2358 inquit,
522 2296 712 2342 efficient
737 2295 1031 2353 monitiones,
1065 2297 1266 2341 admotae
1288 2297 1432 2359 gravi-

162 2368 241 2415 bus
263 2367 394 2415 vitiis.
421 2370 490 2415 Ne
515 2368 732 2416 medicina
762 2369 942 2431 quidem
969 2368 1152 2413 morbos
1179 2366 1432 2414 insanabiles

161 2440 328 2491 vincit:
358 2453 503 2489 tamen
530 2441 757 2489 adhibetur
782 2441 872 2488 aliis
896 2440 941 2488 in
963 2439 1230 2498 remedium,
1261 2439 1354 2488 aliis
1379 2436 1430 2481 in
