1807 3004
320 180 409 226 106
558 181 607 226 L.
652 182 948 228 ANNAEI
998 184 1352 234 SENECAE

555 329 1031 376 EPISTOLA
1096 332 1348 378 XXXIV.

315 465 501 509 Gaudere
519 463 565 505 itz
578 463 622 521 se
637 463 817 521 profec‘lu
843 466 1019 521 Lucilii,
1047 469 1143 526 quia
1167 470 1218 511 ab
1237 469 1324 527 ipso
1347 469 1398 533 ψ
1416 486 1432 513 .·
1455 467 1498 515 ὅ*
1525 471 1591 531 z'p-

369 544 418 603 fi·
435 562 521 587 eum
537 543 760 601 jbrmavit.
789 545 995 591 Hortatur
1005 565 1126 607 porro
1146 566 1325 610 pergere,
1346 547 1390 595 δ’
1408 551 1594 610 adsum-

387 643 513 669 772!th

325 730 430 846 C
447 811 604 843 Resco
634 808 675 846 et
703 797 892 856 exsulto,
911 813 955 845 et
981 799 1157 846 discuffa
1183 800 1397 848 senefflute
1419 800 1600 848 recales-

317 886 398 925 co,
417 871 587 932 quoties
608 888 661 916 ex
680 871 745 916 his
763 888 873 932 quae
894 871 983 933 agis
1003 886 1045 918 et
1063 872 1231 928 scribis,
1252 874 1447 937 intelligo
1470 890 1597 936 quan-

317 954 409 987 tum
426 959 466 988 te
479 943 566 1004 ipse
579 941 702 992 (nam
723 946 891 989 turbam
912 945 1018 990 olim
1036 946 1301 1011 reliqueras)
1313 948 1599 1010 supergrede-

319 1016 393 1061 ris.
424 1016 464 1060 Si
492 1017 731 1078 agricolam
757 1018 889 1062 arbor
918 1018 971 1063 ad
1001 1017 1187 1065 fru8tum
1220 1020 1423 1082 perduc'la
1453 1020 1603 1067 delec-

323 1102 382 1135 tat
403 1124 415 1145 ‚
441 1089 469 1134 fi
493 1089 639 1151 pastor
664 1106 719 1135 ex
753 1089 875 1136 foetu
902 1092 1043 1153 gregis
1068 1091 1131 1137 sui
1157 1094 1271 1153 capit
1299 1093 1570 1154 voluptatem
1588 1125 1604 1147 ,

319 1163 351 1208 si
370 1164 590 1207 alumnum
621 1162 742 1208 suum
764 1179 897 1208 nemo
923 1164 1044 1209 aliter
1066 1164 1258 1211 intuetur
1282 1182 1410 1228 quam
1430 1179 1478 1211 ut
1497 1167 1605 1210 ado-

321 1235 567 1281 lescentiam
602 1235 715 1281 illius
747 1236 864 1281 suam
894 1235 1091 1282 iudicet:
1124 1238 1231 1299 quid
1261 1238 1437 1283 evenire
1466 1237 1607 1284 credis

322 1307 411 1365 his,
442 1306 515 1369 qui
548 1308 718 1370 ingenia
765 1307 1085 1363 educaverunt,
1116 1320 1158 1352 et
1186 1324 1297 1370 quae
1340 1320 1489 1361 tenera
1513 1307 1607 1354 for-

323 1392 569 1436 mavemur,
585 1382 725 1425 adulta
741 1379 882 1425 subito
900 1379 1070 1425 vident?
1086 1379 1241 1425 Affero
1257 1392 1298 1426 te
1315 1380 1436 1426 mihi.
1456 1396 1606 1426 meum

322 1470 435 1514 opus
465 1469 522 1499 es.
568 1457 663 1516 Ego
695 1469 798 1498 cum
830 1452 1029 1498 vidissem
1064 1452 1259 1499 indolem
1301 1465 1443 1510 tuam,
1476 1452 1606 1499 inieci

323 1545 523 1584 manum,
553 1530 806 1574 exhortatus
830 1527 949 1584 sum,
978 1527 1126 1573 addidi
1151 1526 1371 1583 stimulos,
1403 1543 1483 1572 nec
1512 1527 1608 1571 len-

325 1615 369 1648 te
389 1603 453 1648 ire
471 1602 613 1664 paffus
631 1602 723 1647 sum
740 1636 753 1656 ,
772 1601 845 1647 sed
864 1601 1043 1648 subinde
1062 1601 1243 1648 incitavi
1263 1619 1272 1646 ε
1293 1614 1336 1646 et
1354 1616 1472 1646 nunc
1490 1600 1608 1646 idem

325 1674 454 1721 facio.
482 1675 566 1721 Sed
595 1674 681 1720 iam
711 1687 958 1720 currentem
987 1673 1171 1730 hortor,
1201 1686 1242 1720 et
1273 1673 1465 1720 invicem
1499 1672 1610 1718 hor-

325 1760 504 1794 tantem.
537 1746 689 1808 Quid‚
724 1746 840 1793 aliud
859 1782 873 1803 ‚
898 1747 1044 1810 inquis
1062 1782 1076 1804 ‚
1103 1747 1243 1794 adhuc
1272 1747 1413 1793 volo?
1447 1746 1493 1791 in
1521 1745 1612 1792 hoc

326 1820 568 1883 plurimum
585 1819 660 1867 est.
681 1821 788 1865 Non
807 1817 863 1865 fic
881 1819 1115 1880 quomodo
1135 1817 1348 1880 principia
1359 1816 1492 1863 totius
1510 1832 1612 1878 ope-

328 1894 384 1940 ris
406 1894 639 1940 dimidium
665 1909 884 1955 occupare
912 1891 1136 1950 dicuntur,
1159 1892 1217 1940 ita
1238 1909 1304 1939 res
1329 1892 1478 1937 animo
1496 1906 1611 1937 con-

327 1967 405 2012 stat
423 1985 433 2013 :
458 1984 556 2029 pars
577 1984 731 2030 magna
751 1966 960 2013 bonitatis
981 1966 1058 2023 est,
1080 1965 1191 2014 velle
1208 1964 1302 2012 fieri
1321 1965 1503 2011 bonum.
1521 1962 1615 2010 Scis

330 2055 460 2102 quem
490 2039 634 2086 dicam
664 2040 865 2086 bonum?
891 2038 1129 2101 perfeElum
1148 2074 1163 2097 ,
1190 2038 1461 2092 absolutum,
1480 2052 1612 2099 quem

331 2113 496 2160 malum
518 2113 661 2161 facere
679 2113 793 2160 nulla
820 2112 887 2160 vis
903 2148 917 2171 ,
937 2113 1054 2159 nulla
1078 2112 1300 2160 neceffitas
1325 2111 1465 2174 poffit.
1482 2111 1614 2158 Hunc

333 2188 378 2233 in
398 2200 441 2234 te
472 2187 713 2250 prospicio,
735 2186 766 2234 fi
784 2185 1129 2250 perseveraveris
1149 2197 1192 2232 et
1215 2183 1489 2242 incubueris,
1507 2197 1550 2229 et
1567 2182 1614 2229 id

333 2261 503 2323 egeris,
528 2272 575 2307 ut
599 2260 748 2307 omnia
772 2259 881 2306 fafta
904 2259 1106 2321 difflaque
1124 2269 1197 2304 tua
1221 2258 1335 2305 inter
1352 2257 1392 2303 se
1420 2272 1614 2319 congru-

335 2347 409 2378 ant
426 2350 476 2378 ac
505 2333 794 2396 respondeant
813 2333 890 2380 fibi
910 2369 923 2391 ,
949 2346 992 2380 et
1017 2346 1100 2379 una
1130 2330 1274 2378 forma
1305 2330 1497 2395 percuffa
1520 2329 1615 2376 fint.

336 2407 441 2451 Non
460 2407 520 2453 est
543 2408 797 2458 huiusmodi
821 2408 993 2457 animus
1017 2408 1062 2456 in
1090 2407 1210 2455 reao
1225 2441 1240 2472 2
1266 2406 1387 2456 cuius
1408 2406 1499 2453 asta
1525 2402 1619 2456 dist

336 2479 536 2527 cordam,
