1797 2956
350 171 444 233 384
609 171 999 219 L.ANNAE1
1050 172 1401 220 SENECAE

349 277 526 325 beatum
540 276 622 325 ess‘e
643 278 878 341 patiuntur.
895 279 1009 325 Nam
1026 278 1180 342 quibus
1194 280 1388 342 potentia
1402 297 1490 328 non
1509 281 1569 329 est
1581 280 1629 330 in

346 351 546 415 peiorem
562 350 844 398 transferendi
857 349 1031 410 statum,
1047 369 1127 400 nec
1139 350 1438 416 interpellandi
1451 355 1626 418 quidem

346 423 585 486 optimum.
604 422 826 486 Frigidum
843 456 856 478 ,
877 423 1019 487 inquit
1034 460 1048 481 ‚
1070 423 1256 487 aliquid,
1277 437 1319 472 et
1335 427 1520 474 calidum
1544 445 1627 476 noa

349 495 494 543 vimus
512 513 520 541 :
535 495 645 541 inter
664 507 898 558 utrumque
915 495 1111 558 tepidum
1126 495 1198 544 est.
1215 499 1283 545 Sic
1300 499 1454 561 aliquis
1474 500 1625 550 beatus

345 567 407 614 est
422 603 434 624 ,
448 565 601 629 aliquis
618 565 771 612 miser:
792 566 948 628 aliquis
968 583 1048 614 nec
1063 567 1210 628 miser,
1234 587 1314 617 nec
1327 571 1487 619 beatus.
1505 572 1624 619 Volo

350 641 462 687 hanc
488 650 640 686 contra
665 655 745 685 nos
772 638 952 701 positam
981 639 1215 703 imaginem
1241 656 1454 691 excutere.
1487 644 1530 691 Si
1560 655 1626 692 te*

348 714 458 777 pido
483 712 543 758 illi
570 712 667 775 plus
687 709 835 775 frigidi
855 712 1069 776 ingeffero
1086 749 1100 772 ‚
1124 713 1199 762 fiet
1220 714 1426 779 frigidum
1448 717 1508 764 :fi
1530 718 1626 780 plus

346 785 479 834 calidi
503 784 729 846 affuderO,
759 785 833 832 fiet
853 786 1085 835 novissime
1111 788 1315 836 calidum.
1349 792 1404 836 At
1423 790 1524 837 huic
1545 806 1624 839 nec

345 859 542 916 misero,
575 875 655 905 nec
702 860 829 906 beato
852 893 866 916 ‚
903 870 1290 923 quantumcunque
1339 861 1393 907 ad
1434 862 1623 910 miserias

343 932 579 990 adiecero,
613 931 741 978 miser
775 948 866 977 non
895 931 1009 988 erit,
1041 933 1415 995 quemadmodum
1451 933 1621 981 dicitisz

347 1019 455 1066 ergo
476 1003 623 1066 imago
654 1001 729 1048 ista
755 1001 966 1049 diffimilis
991 1002 1063 1050 est.
1092 1004 1265 1050 Deinde
1289 1004 1417 1050 trado
1444 1004 1523 1051 tibi
1541 1005 1623 1052 ho·-

345 1077 528 1135 minem‚
550 1093 631 1123 nec
651 1076 853 1122 miserum
868 1110 882 1134 ‚
908 1092 987 1122 nec
1011 1076 1198 1123 beatum.
1225 1076 1326 1123 huic
1346 1076 1505 1124 adiicio
1524 1094 1622 1125 cae·-

344 1152 519 1199 citatem
534 1187 547 1209 ‚
578 1143 670 1197 non
701 1150 750 1198 fit
769 1151 893 1197 miser
920 1169 931 1198 z
959 1151 1119 1198 adiicio
1141 1152 1401 1199 debilitatem
1418 1188 1431 1210 ‚
1447 1168 1552 1198 ‘non
1573 1152 1622 1200 fit

346 1225 501 1272 miser:
524 1225 686 1272 adiicio
713 1225 889 1272 dolores
917 1225 1155 1272 continuos
1178 1240 1219 1272 et
1245 1242 1426 1286 graves,
1457 1242 1547 1272 non
1573 1225 1621 1272 fit
1659 1274 1663 1277 ,

344 1299 487 1346 miser.
523 1299 671 1359 Quem
691 1311 778 1344 tam
804 1298 936 1343 multa
964 1299 1072 1344 maia
1093 1298 1137 1344 in
1157 1298 1354 1344 miseram
1374 1299 1509 1346 vitam
1529 1316 1620 1346 non

338 1371 633 1429 *transferuntff
664 1387 745 1418 nec
769 1387 822 1417 ex
848 1371 971 1417 beata
1005 1373 1184 1436 quidem
1217 1373 1420 1419 educunt.
1454 1372 1497 1420 Si
1529 1390 1621 1420 non

342 1445 514 1510 potest,
544 1457 591 1492 ut
615 1445 786 1512 dicitis,
821 1446 988 1508 sapiens
1011 1463 1063 1492 ex
1091 1447 1219 1493 beato
1249 1447 1295 1493 in
1321 1447 1522 1493 miserum
1543 1448 1619 1495 de·-

343 1519 517 1577 cidere‚
546 1534 637 1565 non
670 1517 812 1580 potest
839 1518 884 1565 in
915 1535 1004 1564 non
1035 1519 1224 1565 beatum.
1247 1535 1381 1582 quare
1406 1519 1522 1566 enim
1543 1519 1620 1583 qui

343 1592 429 1641 labi
461 1591 636 1654 coepit,
665 1590 822 1638 alicubi
853 1590 1079 1638 subsistat?
1108 1608 1217 1655 quae
1248 1608 1314 1640 res
1344 1608 1435 1638 non
1462 1591 1619 1654 patitur

342 1666 467 1713 illum
496 1665 547 1711 ad
571 1664 711 1711 imum
743 1663 951 1722 devolvi,
983 1665 1143 1712 retinet
1165 1666 1209 1711 in
1230 1665 1412 1712 summo.
1449 1665 1619 1726 Quidni

343 1753 436 1785 non
461 1736 593 1800 poffit
620 1736 745 1782 beata
767 1736 858 1784 vita
887 1735 1101 1783 rescindi?
1133 1752 1214 1783 nec
1244 1735 1407 1782 remitti
1439 1735 1617 1798 quidem

343 1809 488 1875 potest
505 1828 516 1857 z
531 1822 574 1856 et
586 1809 686 1856 ideo
702 1810 838 1858 virtus
850 1809 905 1856 ad
918 1810 1031 1856 illam
1048 1827 1125 1872 per
1138 1809 1280 1871 seipsa
1293 1809 1388 1856 saris
1405 1809 1478 1856 est.
1494 1810 1618 1869 Quid

345 1885 483 1949 ergo?
526 1883 682 1947 inquit.
717 1883 882 1946 sapiens
909 1899 1000 1931 non
1027 1883 1087 1930 est
1114 1884 1307 1939 beatior,
1349 1883 1426 1946 qui
1457 1883 1617 1931 diutius

347 1958 534 2016 vixerit,
567 1973 700 2022 quem
730 1958 868 2005 nullus
889 1957 1098 2005 avocavit
1118 1957 1252 2003 dolor
1271 1972 1281 2002 e
1301 1973 1433 2019 quam
1454 1956 1523 2003 ille
1541 1956 1617 2020 qui

345 2047 444 2078 cum
479 2030 593 2076 mala
623 2030 796 2077 fortuna
831 2031 999 2093 semper
1027 2030 1210 2077 luctatus
1243 2030 1339 2077 est?
1387 2028 1617 2092 Responde

344 2102 454 2149 mihi
473 2123 481 2147 :
502 2103 731 2166 Numquid
758 2116 800 2150 et
818 2103 976 2150 melior
996 2102 1055 2148 est
1070 2139 1083 2160 ‚
1108 2114 1151 2149 et
1171 2100 1428 2149 honestior?
1456 2100 1485 2146 si
1509 2101 1616 2150 haec

342 2192 435 2222 non
469 2176 593 2232 sunt,
619 2193 700 2224 nec
731 2176 900 2223 beatior
932 2175 1109 2238 quidem
1142 2174 1216 2222 est.
1250 2174 1426 2222 Rectius
1459 2174 1615 2233 vivat,

342 2259 551 2311 oportet,
574 2261 621 2295 ut
642 2249 806 2296 beatius
836 2249 961 2295 vivat
981 2265 991 2294 :
1012 2247 1041 2294 fi
1066 2247 1219 2295 rectius
1250 2263 1340 2294 non
1368 2246 1510 2310 potest
1526 2283 1540 2305 ,
1560 2264 1615 2295 ne

342 2319 507 2367 beatius
527 2320 718 2384 quidem.
740 2321 846 2366 Non
864 2320 1102 2366 intenditur
1121 2319 1257 2368 virtus
1277 2337 1287 2366 :
1308 2335 1415 2382 ergo
1443 2335 1496 2366 ne
1515 2319 1615 2366 bea-

342 2407 387 2441 ta
426 2394 604 2458 quidem
633 2395 723 2442 vita
744 2431 758 2454 ‚
788 2412 897 2460 quae
925 2412 980 2442 ex
1008 2396 1167 2442 virtute
1198 2394 1274 2442 est.
1311 2395 1462 2442 Virtus
1495 2394 1612 2441 enim

343 2479 515 2513 tantum
540 2467 708 2514 bonum
732 2467 820 2528 est,
844 2480 891 2515 ut
908 2467 1005 2516 istas
1033 2467 1296 2516 acceffiones
1315 2467 1504 2514 minutas
1522 2480 1612 2512 non
