1797 2956
271 206 357 247 Mo
504 187 1299 238 L.ANNAE15ENECAE

264 296 464 343 lacrimas
484 296 807 343 combibentem
824 330 837 352 ‚
866 306 907 342 et
925 295 1151 342 affectibus
1174 296 1257 341 tuis
1276 294 1391 341 inter
1407 293 1542 356 ipsam

264 370 584 415 coercitionem
606 368 862 413 exeuntibus
882 383 973 413 non
992 367 1087 414 satis
1105 367 1383 413 resistentem.
1403 368 1543 412 modo

265 442 448 487 amisisse
473 454 515 486 te
534 441 705 487 videor.
733 440 857 498 Quid
877 439 994 486 enim
1017 456 1106 485 non
1139 441 1277 486 modo
1299 440 1357 485 est
1373 476 1385 493 ,
1414 439 1445 485 fi
1473 456 1544 486 re·-

266 513 495 560 corderis?
526 512 665 558 modo
700 511 818 574 apud
845 512 1072 558 Sotionem
1103 511 1411 573 philosophum
1441 527 1547 573 puer

266 587 355 633 sedi
376 623 388 645 ‚
425 585 565 631 modo
600 584 747 631 causas
775 599 905 647 agere
938 583 1093 645 coepi⁷
1127 583 1266 628 modo
1298 582 1399 628 desii
1433 581 1548 627 velle

266 674 418 722 agere,
440 658 581 703 modo
601 657 703 702 desii
720 656 857 720 poffe.
882 653 1055 701 Infinita
1072 654 1132 700 est
1149 653 1358 702 velocitas
1375 666 1549 714 tempo-

267 733 349 788 ris,
370 747 482 794 quae
504 729 642 792 magis
661 739 840 791 apparet
858 726 1197 789 respicientibus.
1218 727 1332 770 Nam
1351 727 1403 771 ad
1423 741 1548 787 prae-

269 803 400 850 sentia
420 803 612 849 intentos
640 801 773 848 fallit:
799 801 912 847 adeo
937 799 1185 863 praecipitis
1206 798 1335 862 fugae
1355 797 1550 844 transitus

268 875 379 922 levis
393 873 466 921 est.
484 874 670 920 Causam
692 872 817 919 huius
836 871 900 919 rei
920 871 1120 935 quaeris?
1141 870 1358 934 quidquid
1374 882 1550 931 tempo·-

269 948 327 994 ris
347 947 532 1003 transiit,
562 947 724 994 eodem
755 947 859 992 loco
884 946 945 992 est
971 963 984 992 ε
1016 945 1176 1007 pariter
1203 943 1405 1005 aspicitur
1423 979 1436 999 ,
1468 958 1553 988 una

270 1020 408 1068 iacet:
429 1019 580 1068 omnia
600 1020 702 1066 inde
723 1019 768 1065 in
791 1019 1063 1082 profundum
1088 1018 1260 1065 cadunt.
1286 1030 1329 1064 et
1357 1015 1553 1079 alioquin

271 1107 363 1136 non
383 1090 559 1153 possunt
587 1091 718 1152 longa
746 1089 972 1138 intervalla
996 1089 1079 1135 effe
1097 1089 1143 1134 in
1161 1104 1212 1135 ea
1231 1104 1302 1145 re,
1329 1102 1438 1150 quae
1465 1098 1559 1132 tota

272 1163 421 1209 brevis
434 1163 507 1209 est.
523 1162 734 1208 Punctum
747 1161 808 1208 est
826 1161 950 1224 quod
970 1160 1181 1216 vivimus,
1199 1170 1241 1206 et
1257 1159 1399 1206 adhuc
1417 1173 1559 1220 punct

269 1250 322 1281 -to
344 1235 509 1282 minus:
532 1234 603 1280 sed
622 1234 711 1279 hoc
728 1233 961 1278 minimum
980 1231 1122 1295 specie
1138 1231 1327 1293 quadam
1344 1229 1560 1291 longioris

275 1308 400 1369 spatii
433 1320 584 1354 natura
616 1306 777 1352 divifit.
807 1305 941 1352 Aliud
970 1321 1025 1351 ex
1054 1305 1142 1350 hoc
1171 1302 1400 1349 infantiam
1427 1301 1562 1360 fecit,

275 1380 393 1426 aliud
417 1379 651 1443 pueritiam
667 1414 681 1437 ‚
711 1378 826 1425 aliud
850 1376 1186 1424 adolescentiam
1202 1411 1214 1432 ‚
1247 1374 1363 1420 aliud
1383 1373 1563 1420 inclina-

278 1451 451 1498 tionem
488 1452 705 1515 quandam
754 1450 808 1497 ab
841 1447 1132 1497 adolescentia
1168 1447 1223 1494 ad
1261 1446 1525 1493 senectutem
1551 1481 1566 1503 ,

279 1523 398 1570 aliud
419 1523 553 1586 ipsam
576 1523 855 1569 seneclutem.
883 1524 930 1568 In
950 1537 1080 1586 quam
1104 1519 1316 1584 angust0‚
1341 1531 1452 1582 quot
1471 1535 1566 1582 gra-

279 1595 360 1641 dus
378 1594 552 1658 posuit?
584 1594 728 1640 Modo
754 1605 798 1639 te
824 1593 1079 1656 prosecutus
1104 1591 1195 1638 sum
1219 1608 1230 1637 :
1256 1603 1300 1637 et
1317 1602 1462 1637 tamen
1479 1591 1566 1637 hoc

281 1668 452 1725 modo,
473 1668 621 1713 aetatis
645 1666 815 1712 nostrae
836 1666 953 1712 bona
982 1665 1134 1727 portio
1157 1663 1218 1710 est
1241 1681 1251 1709 :
1275 1663 1397 1710 cuius
1414 1663 1567 1710 brevi-

282 1752 418 1788 tatem
436 1740 674 1804 aliquando
688 1740 878 1786 futuram
897 1739 1152 1803 cogitemus.
1166 1739 1272 1783 Non
1287 1736 1446 1784 solebat
1459 1736 1566 1784 mihi

285 1825 376 1861 tam
397 1813 531 1861 velox
546 1822 719 1875 tempus
735 1811 892 1859 videri.
913 1827 1031 1857 nunc
1050 1809 1316 1857 incredibilis
1330 1809 1477 1856 cursus
1494 1826 1569 1871 ap-

287 1899 409 1950 paret
433 1904 444 1933 :
476 1885 567 1934 sive
598 1886 702 1950 quia
726 1885 958 1933 admoveri
985 1885 1122 1931 lineas
1149 1884 1289 1930 sentio
1306 1918 1319 1942 ,
1351 1882 1441 1930 five
1468 1883 1570 1947 quia

288 1959 513 2006 attendere
540 1958 672 2021 coepi
702 1969 746 2005 et
776 1968 1032 2019 computare
1060 1957 1268 2002 damnum
1304 1972 1468 2003 meum.
1503 1958 1570 2001 Eo

290 2033 426 2096 magis
438 2032 591 2095 utique
610 2030 840 2095 indignor,
852 2031 1020 2095 aliquos
1035 2047 1091 2077 ex
1110 2031 1199 2078 hoc
1211 2043 1410 2093 tempore
1426 2030 1571 2094 (quod.

294 2106 490 2153 sufficere
518 2123 602 2153 nec
632 2106 688 2152 ad
718 2105 955 2152 neceffaria
972 2105 1151 2169 quidem
1182 2105 1351 2168 potest,
1381 2105 1511 2152 etiam
1543 2102 1571 2149 fi

296 2180 564 2228 <custoditum
583 2180 900 2244 diligentissime
918 2180 1072 2241 fuerit)
1085 2181 1130 2227 in
1149 2182 1414 2243 supervacua
1433 2178 1573 2226 maio=

299 2270 392 2299 rem
414 2268 582 2316 partem
603 2269 800 2317 erogare.
816 2254 956 2317 Negat
974 2254 1135 2301 Cicero
1149 2290 1163 2313 ‚
1189 2254 1222 2300 s}
1239 2253 1481 2316 duplicetur
1499 2249 1575 2297 fibi

299 2337 412 2373 aetas
423 2362 435 2382 ‚
452 2326 699 2373 habiturum
715 2326 755 2373 se
774 2337 945 2389 tempus
959 2344 1050 2391 quo
1066 2327 1175 2391 legat
1190 2326 1401 2391 Lyricos,
1416 2325 1574 2372 eodem

302 2399 442 2444 modo
459 2398 740 2447 Dialecticoe.
755 2399 940 2447 Tristius
959 2400 1097 2464 inepti
1115 2402 1223 2447 sunt.
1240 2401 1300 2447 illi
1315 2416 1369 2446 ex
1382 2396 1576 2462 professo

305 2467 536 2521 lasciviunt
556 2490 566 2518 ε
588 2472 633 2519 hi
660 2488 786 2539 agere
810 2473 989 2537 seipsos
1011 2473 1174 2537 aliquid
1199 2472 1453 2521 existimant.
1481 2471 1577 2517 Nec
