1807 3004
557 199 1158 247 EPISTOLAF„
1448 214 1501 262 33

219 313 360 376 ipsum
390 312 580 359 succedit
608 313 654 357 in
685 312 833 357 locum
865 311 1173 372 voluptatum,
1206 308 1333 356 nullis
1365 325 1507 372 egere,

218 390 367 448 Quam
398 387 527 433 dulce
553 386 640 442 est,
673 385 934 447 cupiditates
971 383 1134 447 fugaffe
1174 401 1224 431 ac
1254 383 1531 445 reliquiffe?‘

219 459 456 506 Molestum
486 458 573 513 est,
600 459 772 522 inquis,
802 470 991 503 mortem
1021 471 1120 503 ante
1149 457 1304 504 oculos
1332 457 1507 508 habere,

218 533 416 580 Primum
433 531 511 579 ista
530 547 618 579 tam
641 532 796 579 iuveni
816 543 912 577 ante
930 531 1084 577 oculos
1102 532 1231 586 debet
1248 531 1354 588 effe,
1374 548 1508 595 quam

219 606 308 653 seni
328 624 340 652 :
360 623 451 652 non
469 606 586 652 enim
616 606 805 652 citamur
825 623 880 652 ex
898 605 1026 650 censu
1048 622 1059 650 :
1086 605 1244 652 deinde
1265 622 1397 651 nemo
1418 618 1508 652 tam

220 680 349 727 senex
367 679 457 737 est,
481 693 529 726 ut
553 679 759 741 improbe
784 694 920 724 unum
947 677 1063 723 diem
1091 677 1247 739 speret.
1281 678 1408 724 Unus
1434 693 1511 724 au-

220 765 310 800 tem
336 753 449 809 dies,
477 752 636 816 gradus
665 749 727 796 est
755 749 883 796 vitae.
918 763 1010 796 tota
1039 763 1151 798 aetas
1176 751 1369 813 partibus
1395 765 1508 796 con-

220 826 330 884 stat,
359 843 403 873 et
429 828 559 873 orbes
591 826 720 872 habet
750 825 1073 872 circumductos
1096 820 1285 871 maiOres
1316 824 1511 871 minori-

220 901 318 947 bus.
349 900 421 946 Est
442 900 622 964 aliquis,
648 900 722 962 qui
750 916 904 946 omnes
928 900 1243 963 complectatur
1267 910 1309 945 et
1329 898 1475 963 cingat
1492 916 1507 946 ε

220 973 294 1020 hic
316 975 505 1036 pertinet
529 991 554 1019 a
571 973 699 1019 natali
721 973 774 1019 acl
795 973 911 1020 diem
931 987 1190 1020 extremum.
1210 971 1273 1020 est
1290 968 1411 1029 alter,
1431 972 1510 1036 qui

182 1103 198 1111 ,‚
219 1062 360 1093 annos
378 1046 691 1093 adolescentiae
711 1045 915 1092 excludit.
936 1045 1000 1105 *est
1021 1046 1093 1108 qui
1114 1060 1255 1093 totam
1276 1045 1511 1109 pueritiam

196 1112 388 1165 ambitu
417 1118 496 1165 suo
524 1117 762 1181 adstringit.
795 1118 854 1164 est
890 1119 1049 1165 deinde
1075 1119 1164 1181 ipse
1199 1135 1357 1177 annus,
1392 1117 1438 1164 in
1466 1118 1510 1165 se

221 1191 371 1237 omnia
397 1191 628 1239 continens
663 1203 861 1253 tempora
882 1227 894 1247 ‚
923 1208 1113 1254 quorum
1145 1191 1510 1253 multiplicatione

219 1265 312 1312 vita
345 1264 645 1328 componitur.
686 1264 848 1310 Menfis
879 1264 1062 1310 arffiore
1093 1264 1387 1327 praecingitur
1419 1264 1510 1310 cir-

221 1337 326 1383 culo
358 1353 369 1382 ε
394 1336 735 1400 angustiffimum
763 1336 894 1383 habet
919 1337 1011 1383 dies
1047 1354 1205 1400 gyrum
1231 1356 1239 1383 :
1274 1339 1346 1383 sed
1372 1350 1414 1383 et
1439 1337 1511 1385 hie

210 1412 276 1457 'ab
294 1411 422 1458 initio
442 1412 495 1458 ad
519 1411 683 1457 exitum
701 1411 848 1469 venit,
882 1412 935 1457 ab
953 1408 1053 1458 ortu
1074 1413 1127 1458 ad
1151 1412 1370 1459 occasum.
1403 1414 1511 1460 Ideo

221 1484 510 1541 Heracletus,
541 1482 894 1547 ctii'cognomen
921 1485 1138 1531 Scotinon
1169 1485 1274 1531 fecit
1296 1485 1511 1533 orationis

219 1556 498 1604 obscuritas:
525 1559 682 1612 Unus,
711 1556 875 1619 inquit,
910 1557 1001 1604 dies
1031 1574 1107 1619 par
1140 1556 1263 1603 omni
1294 1558 1367 1605 est.
1407 1559 1512 1606 Hoc

210 1623 329 1680 ‘alius
347 1629 469 1676 aliter
487 1630 659 1692 accepit
678 1648 688 1675 ε
712 1629 824 1675 dixit
844 1629 960 1675 enim
983 1646 1133 1692 parem
1161 1630 1246 1676 effe
1266 1630 1404 1678 horis.
1428 1649 1510 1680 nec

222 1703 444 1750 mentitur.
472 1704 587 1748 Nam
606 1703 645 1748 fi
656 1702 748 1748 dies
769 1714 939 1764 tempus
962 1702 1023 1748 est
1043 1703 1200 1765 viginti
1219 1703 1407 1765 quatuor
1427 1706 1510 1751 ho-

208 1793 366 1823 <rarum
386 1813 400 1833 ‚
435 1777 612 1823 necefl‘e
635 1776 695 1822 est
721 1793 877 1823 omnes
905 1777 1018 1823 inter
1049 1779 1090 1824 se
1116 1777 1206 1823 dies
1237 1794 1361 1840 pares
1388 1767 1474 1826 effe
1496 1796 1510 1825 ε

223 1850 324 1914 quia
357 1866 452 1896 nox*
480 1850 612 1896 habet
637 1851 763 1913 qu‘od
791 1851 883 1896 dies
920 1850 1124 1912 perdidit.
1166 1850 1285 1897 Alius
1312 1852 1398 1909 ait,
1430 1855 1511 1917 pa*

222 1939 316 1970 rem
354 1922 439 1969 effe
477 1940 612 1978 unum
635 1923 768 1968 ¹diem
805 1923 1010 1969 omnibus
1045 1922 1364 1971 similitudine:
1401 1926 1511 1973 nihil

222 1996 340 2042 enim
363 1997 493 2043 habet
514 1995 750 2059 longiffimi
777 1996 1204 2059 temporis-spatium
1223 2030 1237 2051 ,
1270 2002 1394 2062 quod
1418 1996 1512 2046 noh

222 2068 268 2115 in
296 2085 388 2115 uno
415 2069 487 2115 die
509 2069 736 2127 invenias,
759 2068 904 2115 lucem
933 2085 978 2115 et
1014 2071 1187 2117 noctem
1214 2089 1225 2117 :
1254 2085 1295 2118 et
1325 2073 1513 2121 alternas

224 2142 379 2190 mundi
411 2142 546 2189 vices.
586 2143 788 2189 planiora
831 2142 937 2189 facit
979 2142 1055 2189 ista
1091 2162 1214 2202 nox,
1258 2147 1357 2193 alias
1398 2166 1511 2195 con-

222 2217 429 2272 tractior,
462 2217 561 2263 alias
588 2217 857 2279 productior.
893 2220 1042 2280 Itaque
1070 2218 1127 2266 fic
1157 2222 1425 2269 ordinandus
1451 2223 1514 2270 est

223 2291 315 2338 dies
341 2290 508 2345 omnis,
535 2302 741 2353 tanquam
771 2304 901 2354 cogat
934 2308 1093 2354 agmen
1114 2330 1129 2350 ,
1164 2310 1207 2340 et
1236 2297 1514 2343 consummet

222 2378 354 2428 atque
374 2364 545 2426 expleat
569 2365 721 2411 vitam.
753 2366 998 2421 Pacuvius,
1028 2368 1103 2430 qui
1131 2370 1303 2432 Syriam
1335 2372 1412 2417 usu
1443 2373 1512 2418 su-

222 2455 291 2483 am
322 2437 455 2492 fecit,
489 2455 590 2485 cum
621 2439 734 2485 vino
767 2452 809 2485 et
835 2439 915 2486 illis
946 2440 1136 2488 funereis
1162 2444 1298 2505 epulis
1325 2445 1401 2490 libi
1431 2464 1511 2508 pa¹⁵

222 2526 492 2570 tentaverat,
523 2512 580 2559 fic
611 2512 657 2558 in
684 2512 941 2559 cubiculum
971 2515 1190 2564 ferebatur
1216 2534 1239 2562 a
1271 2535 1435 2579 coena,
1465 2534 1512 2571 ut

289 2588 338 2633 L.
363 2590 482 2632 Arm.
502 2591 668 2634 Seneca.
691 2590 737 2634 V
734 2591 786 2635 ol.
818 2588 909 2635 Ill.
1209 2591 1258 2637 C
