<?xml version="1.0" encoding="UTF-8"?>
<!DOCTYPE html PUBLIC "-//W3C//DTD XHTML 1.0 Transitional//EN"
    "http://www.w3.org/TR/xhtml1/DTD/xhtml1-transitional.dtd">
<html xmlns="http://www.w3.org/1999/xhtml" xml:lang="en" lang="en">
 <head>
  <title>
</title>
<meta http-equiv="Content-Type" content="text/html;charset=utf-8" />
  <meta name='ocr-system' content='tesseract 3.04.00' />
  <meta name='ocr-capabilities' content='ocr_page ocr_carea ocr_par ocr_line ocrx_word'/>
</head>
<body>
  <div class='ocr_page' id='page_1' title='image "./lannaeisenecaeph03seneuoft_0136.png"; bbox 0 0 1807 3004; ppageno 0'>
   <div class='ocr_carea' id='block_1_1' title="bbox 363 167 1401 216">
    <p class='ocr_par' dir='ltr' id='par_1_1' title="bbox 363 167 1401 216">
     <span class='ocr_line' id='line_1_1' title="bbox 363 167 1401 216; baseline 0.005 -5"><span class='ocrx_word' id='word_1_1' title='bbox 363 167 447 211; x_wconf 60' lang='lat'>³28</span> <span class='ocrx_word' id='word_1_2' title='bbox 582 168 629 215; x_wconf 87' lang='lat' dir='ltr'>L.</span> <span class='ocrx_word' id='word_1_3' title='bbox 685 168 984 213; x_wconf 60' lang='lat' dir='ltr'>ANNAEI</span> <span class='ocrx_word' id='word_1_4' title='bbox 1038 169 1401 216; x_wconf 66' lang='lat' dir='ltr'>SENECAE</span> 
     </span>
    </p>
   </div>
   <div class='ocr_carea' id='block_1_2' title="bbox 324 273 1656 2540">
    <p class='ocr_par' dir='ltr' id='par_1_2' title="bbox 324 273 1656 2540">
     <span class='ocr_line' id='line_1_2' title="bbox 355 273 1636 340; baseline 0.005 -20"><span class='ocrx_word' id='word_1_5' title='bbox 355 292 451 320; x_wconf 74' lang='lat' dir='ltr'>rum</span> <span class='ocrx_word' id='word_1_6' title='bbox 475 274 674 320; x_wconf 82' lang='lat' dir='ltr'>virorum</span> <span class='ocrx_word' id='word_1_7' title='bbox 704 273 869 320; x_wconf 83' lang='lat' dir='ltr'>iudicio</span> <span class='ocrx_word' id='word_1_8' title='bbox 891 275 1048 331; x_wconf 79' lang='lat' dir='ltr'>credo,</span> <span class='ocrx_word' id='word_1_9' title='bbox 1076 276 1237 340; x_wconf 78' lang='lat' dir='ltr'>aliquid</span> <span class='ocrx_word' id='word_1_10' title='bbox 1257 291 1299 323; x_wconf 89' lang='lat' dir='ltr'>et</span> <span class='ocrx_word' id='word_1_11' title='bbox 1321 295 1422 324; x_wconf 86' lang='lat' dir='ltr'>meo</span> <span class='ocrx_word' id='word_1_12' title='bbox 1441 278 1636 327; x_wconf 88' lang='lat' dir='ltr'>vindico.</span> 
     </span>
     <span class='ocr_line' id='line_1_3' title="bbox 353 347 1636 413; baseline 0.005 -20"><span class='ocrx_word' id='word_1_13' title='bbox 353 349 467 394; x_wconf 84' lang='lat' dir='ltr'>Nam</span> <span class='ocrx_word' id='word_1_14' title='bbox 490 348 554 394; x_wconf 81' lang='lat' dir='ltr'>ini</span> <span class='ocrx_word' id='word_1_15' title='bbox 578 364 759 412; x_wconf 85' lang='lat' dir='ltr'>quoque</span> <span class='ocrx_word' id='word_1_16' title='bbox 785 364 876 395; x_wconf 87' lang='lat' dir='ltr'>non</span> <span class='ocrx_word' id='word_1_17' title='bbox 899 347 1077 395; x_wconf 86' lang='lat' dir='ltr'>inventa</span> <span class='ocrx_word' id='word_1_18' title='bbox 1094 386 1107 407; x_wconf 96' lang='lat'>‚</span> <span class='ocrx_word' id='word_1_19' title='bbox 1129 349 1202 396; x_wconf 92' lang='lat' dir='ltr'>sed</span> <span class='ocrx_word' id='word_1_20' title='bbox 1227 352 1477 413; x_wconf 83' lang='lat' dir='ltr'>quaerenda</span> <span class='ocrx_word' id='word_1_21' title='bbox 1507 353 1636 400; x_wconf 87' lang='lat' dir='ltr'>nobis</span> 
     </span>
     <span class='ocr_line' id='line_1_4' title="bbox 351 420 1636 485; baseline 0.004 -18"><span class='ocrx_word' id='word_1_22' title='bbox 351 421 625 485; x_wconf 84' lang='lat' dir='ltr'>reliquerunt</span> <span class='ocrx_word' id='word_1_23' title='bbox 643 438 652 466; x_wconf 90' lang='lat'>:</span> <span class='ocrx_word' id='word_1_24' title='bbox 674 436 716 467; x_wconf 89' lang='lat' dir='ltr'>et</span> <span class='ocrx_word' id='word_1_25' title='bbox 735 420 997 467; x_wconf 72' lang='lat' dir='ltr'>invenissent</span> <span class='ocrx_word' id='word_1_26' title='bbox 1016 421 1198 468; x_wconf 79' lang='lat' dir='ltr'>forfitan</span> <span class='ocrx_word' id='word_1_27' title='bbox 1217 423 1450 469; x_wconf 73' lang='lat' dir='ltr'>necessaria</span> <span class='ocrx_word' id='word_1_28' title='bbox 1465 461 1478 481; x_wconf 86' lang='lat'>‚</span> <span class='ocrx_word' id='word_1_29' title='bbox 1497 425 1573 471; x_wconf 83' lang='lat' dir='ltr'>nifi</span> <span class='ocrx_word' id='word_1_30' title='bbox 1592 438 1636 472; x_wconf 92' lang='lat' dir='ltr'>et</span> 
     </span>
     <span class='ocr_line' id='line_1_5' title="bbox 348 492 1631 560; baseline 0.003 -18"><span class='ocrx_word' id='word_1_31' title='bbox 348 495 562 559; x_wconf 82' lang='lat' dir='ltr'>superflua</span> <span class='ocrx_word' id='word_1_32' title='bbox 577 492 847 558; x_wconf 84' lang='lat' dir='ltr'>quaefiffent.</span> <span class='ocrx_word' id='word_1_33' title='bbox 863 495 1053 542; x_wconf 88' lang='lat' dir='ltr'>Multum</span> <span class='ocrx_word' id='word_1_34' title='bbox 1069 495 1149 542; x_wconf 82' lang='lat' dir='ltr'>illis</span> <span class='ocrx_word' id='word_1_35' title='bbox 1164 497 1377 560; x_wconf 87' lang='lat' dir='ltr'>temporis</span> <span class='ocrx_word' id='word_1_36' title='bbox 1391 499 1631 546; x_wconf 86' lang='lat' dir='ltr'>verborum</span> 
     </span>
     <span class='ocr_line' id='line_1_6' title="bbox 349 565 1634 634; baseline 0.003 -21"><span class='ocrx_word' id='word_1_37' title='bbox 349 565 570 614; x_wconf 80' lang='lat' dir='ltr'>cavillatio</span> <span class='ocrx_word' id='word_1_38' title='bbox 589 566 762 629; x_wconf 87' lang='lat' dir='ltr'>eripuit,</span> <span class='ocrx_word' id='word_1_39' title='bbox 783 581 827 614; x_wconf 84' lang='lat' dir='ltr'>et</span> <span class='ocrx_word' id='word_1_40' title='bbox 843 566 1056 630; x_wconf 75' lang='lat' dir='ltr'>captiosae</span> <span class='ocrx_word' id='word_1_41' title='bbox 1075 567 1401 630; x_wconf 82' lang='lat' dir='ltr'>disputationes,</span> <span class='ocrx_word' id='word_1_42' title='bbox 1416 587 1526 634; x_wconf 90' lang='lat' dir='ltr'>quae</span> <span class='ocrx_word' id='word_1_43' title='bbox 1537 588 1634 617; x_wconf 89' lang='lat' dir='ltr'>acu-</span> 
     </span>
     <span class='ocr_line' id='line_1_7' title="bbox 350 641 1631 709; baseline 0.005 -22"><span class='ocrx_word' id='word_1_44' title='bbox 350 660 451 688; x_wconf 84' lang='lat' dir='ltr'>men</span> <span class='ocrx_word' id='word_1_45' title='bbox 465 641 634 688; x_wconf 88' lang='lat' dir='ltr'>irritum</span> <span class='ocrx_word' id='word_1_46' title='bbox 652 655 872 690; x_wconf 78' lang='lat' dir='ltr'><strong>exercent.</strong></span> <span class='ocrx_word' id='word_1_47' title='bbox 889 644 932 688; x_wconf 93' lang='lat' dir='ltr'>N</span> <span class='ocrx_word' id='word_1_48' title='bbox 936 642 1118 690; x_wconf 71' lang='lat' dir='ltr'>effimus</span> <span class='ocrx_word' id='word_1_49' title='bbox 1135 644 1304 701; x_wconf 88' lang='lat' dir='ltr'>nodos,</span> <span class='ocrx_word' id='word_1_50' title='bbox 1326 656 1368 691; x_wconf 92' lang='lat' dir='ltr'>et</span> <span class='ocrx_word' id='word_1_51' title='bbox 1383 645 1631 709; x_wconf 79' lang='lat' dir='ltr'>ambiguam</span> 
     </span>
     <span class='ocr_line' id='line_1_8' title="bbox 348 713 1632 779; baseline 0.004 -19"><span class='ocrx_word' id='word_1_52' title='bbox 348 715 375 760; x_wconf 69' lang='lat'>1}</span> <span class='ocrx_word' id='word_1_53' title='bbox 382 713 711 777; x_wconf 81' lang='lat' dir='ltr'>gnificationem</span> <span class='ocrx_word' id='word_1_54' title='bbox 731 716 876 762; x_wconf 84' lang='lat' dir='ltr'>verbis</span> <span class='ocrx_word' id='word_1_55' title='bbox 896 715 1117 779; x_wconf 85' lang='lat' dir='ltr'>alligamus</span> <span class='ocrx_word' id='word_1_56' title='bbox 1130 751 1144 773; x_wconf 81' lang='lat'>‚</span> <span class='ocrx_word' id='word_1_57' title='bbox 1163 717 1323 764; x_wconf 87' lang='lat' dir='ltr'>deinde</span> <span class='ocrx_word' id='word_1_58' title='bbox 1341 717 1632 766; x_wconf 71' lang='lat' dir='ltr'>dissolvimus.</span> 
     </span>
     <span class='ocr_line' id='line_1_9' title="bbox 346 787 1630 847; baseline 0.004 -15"><span class='ocrx_word' id='word_1_59' title='bbox 346 787 537 833; x_wconf 67' lang='lat' dir='ltr'>&#39;santum</span> <span class='ocrx_word' id='word_1_60' title='bbox 557 788 686 834; x_wconf 87' lang='lat' dir='ltr'>nobis</span> <span class='ocrx_word' id='word_1_61' title='bbox 707 789 862 835; x_wconf 80' lang='lat' dir='ltr'>vacat?</span> <span class='ocrx_word' id='word_1_62' title='bbox 890 789 974 834; x_wconf 87' lang='lat' dir='ltr'>iam</span> <span class='ocrx_word' id='word_1_63' title='bbox 996 789 1174 847; x_wconf 78' lang='lat' dir='ltr'>vivere,</span> <span class='ocrx_word' id='word_1_64' title='bbox 1203 789 1289 835; x_wconf 89' lang='lat' dir='ltr'>iam</span> <span class='ocrx_word' id='word_1_65' title='bbox 1308 790 1424 835; x_wconf 87' lang='lat' dir='ltr'>mori</span> <span class='ocrx_word' id='word_1_66' title='bbox 1440 789 1630 838; x_wconf 83' lang='lat' dir='ltr'>scimus?</span> 
     </span>
     <span class='ocr_line' id='line_1_10' title="bbox 345 860 1632 924; baseline 0.003 -19"><span class='ocrx_word' id='word_1_67' title='bbox 345 861 386 904; x_wconf 70' lang='lat' dir='ltr'>‘f</span> <span class='ocrx_word' id='word_1_68' title='bbox 389 874 463 906; x_wconf 88' lang='lat' dir='ltr'>ota</span> <span class='ocrx_word' id='word_1_69' title='bbox 482 860 558 906; x_wconf 89' lang='lat' dir='ltr'>illo</span> <span class='ocrx_word' id='word_1_70' title='bbox 577 874 722 908; x_wconf 89' lang='lat' dir='ltr'>mente</span> <span class='ocrx_word' id='word_1_71' title='bbox 739 863 1008 924; x_wconf 79' lang='lat' dir='ltr'>pergendum</span> <span class='ocrx_word' id='word_1_72' title='bbox 1027 860 1087 906; x_wconf 88' lang='lat' dir='ltr'>est</span> <span class='ocrx_word' id='word_1_73' title='bbox 1103 897 1117 918; x_wconf 89' lang='lat'><strong><em>,</em></strong></span> <span class='ocrx_word' id='word_1_74' title='bbox 1133 861 1209 908; x_wconf 88' lang='lat' dir='ltr'>ubi</span> <span class='ocrx_word' id='word_1_75' title='bbox 1229 862 1460 923; x_wconf 87' lang='lat' dir='ltr'>provideri</span> <span class='ocrx_word' id='word_1_76' title='bbox 1477 863 1632 921; x_wconf 87' lang='lat' dir='ltr'>debet,</span> 
     </span>
     <span class='ocr_line' id='line_1_11' title="bbox 343 932 1628 995; baseline 0.003 -19"><span class='ocrx_word' id='word_1_77' title='bbox 343 947 398 976; x_wconf 87' lang='lat' dir='ltr'>ne</span> <span class='ocrx_word' id='word_1_78' title='bbox 417 948 485 978; x_wconf 84' lang='lat' dir='ltr'>res</span> <span class='ocrx_word' id='word_1_79' title='bbox 503 948 611 989; x_wconf 86' lang='lat' dir='ltr'>nos,</span> <span class='ocrx_word' id='word_1_80' title='bbox 644 949 736 979; x_wconf 88' lang='lat' dir='ltr'>non</span> <span class='ocrx_word' id='word_1_81' title='bbox 756 934 893 980; x_wconf 88' lang='lat' dir='ltr'>verba</span> <span class='ocrx_word' id='word_1_82' title='bbox 906 968 919 991; x_wconf 91' lang='lat'>‚</span> <span class='ocrx_word' id='word_1_83' title='bbox 943 932 1176 995; x_wconf 85' lang='lat' dir='ltr'>decipiant.</span> <span class='ocrx_word' id='word_1_84' title='bbox 1194 934 1319 994; x_wconf 85' lang='lat' dir='ltr'>Quid</span> <span class='ocrx_word' id='word_1_85' title='bbox 1336 934 1444 984; x_wconf 86' lang='lat' dir='ltr'>mihi</span> <span class='ocrx_word' id='word_1_86' title='bbox 1462 950 1628 981; x_wconf 90' lang='lat' dir='ltr'>vocum</span> 
     </span>
     <span class='ocr_line' id='line_1_12' title="bbox 340 1004 1628 1071; baseline 0.004 -20"><span class='ocrx_word' id='word_1_87' title='bbox 340 1004 638 1053; x_wconf 63' lang='lat' dir='ltr'>{imilitudines</span> <span class='ocrx_word' id='word_1_88' title='bbox 679 1006 934 1071; x_wconf 82' lang='lat' dir='ltr'>distinguis,</span> <span class='ocrx_word' id='word_1_89' title='bbox 970 1007 1127 1071; x_wconf 86' lang='lat' dir='ltr'>quibus</span> <span class='ocrx_word' id='word_1_90' title='bbox 1151 1023 1295 1058; x_wconf 15' lang='lat' dir='ltr'>*nemo</span> <span class='ocrx_word' id='word_1_91' title='bbox 1328 1024 1520 1071; x_wconf 85' lang='lat' dir='ltr'>unquam</span> <span class='ocrx_word' id='word_1_92' title='bbox 1551 1008 1628 1056; x_wconf 89' lang='lat' dir='ltr'>nifi</span> 
     </span>
     <span class='ocr_line' id='line_1_13' title="bbox 339 1078 1628 1142; baseline 0.004 -20"><span class='ocrx_word' id='word_1_93' title='bbox 339 1079 447 1124; x_wconf 73' lang='lat' dir='ltr'>dum</span> <span class='ocrx_word' id='word_1_94' title='bbox 470 1079 677 1142; x_wconf 88' lang='lat' dir='ltr'>disputat,</span> <span class='ocrx_word' id='word_1_95' title='bbox 709 1093 860 1142; x_wconf 84' lang='lat' dir='ltr'>captus</span> <span class='ocrx_word' id='word_1_96' title='bbox 889 1079 985 1126; x_wconf 83' lang='lat' dir='ltr'>est?</span> <span class='ocrx_word' id='word_1_97' title='bbox 1016 1096 1082 1126; x_wconf 85' lang='lat' dir='ltr'>res</span> <span class='ocrx_word' id='word_1_98' title='bbox 1111 1078 1276 1126; x_wconf 78' lang='lat' dir='ltr'>fallunt.</span> <span class='ocrx_word' id='word_1_99' title='bbox 1307 1079 1399 1126; x_wconf 79' lang='lat' dir='ltr'>illas</span> <span class='ocrx_word' id='word_1_100' title='bbox 1424 1081 1628 1128; x_wconf 79' lang='lat' dir='ltr'>discerne.</span> 
     </span>
     <span class='ocr_line' id='line_1_14' title="bbox 337 1154 1625 1220; baseline 0.005 -22"><span class='ocrx_word' id='word_1_101' title='bbox 337 1155 427 1198; x_wconf 88' lang='lat' dir='ltr'>Pro</span> <span class='ocrx_word' id='word_1_102' title='bbox 445 1154 573 1201; x_wconf 87' lang='lat' dir='ltr'>bonis</span> <span class='ocrx_word' id='word_1_103' title='bbox 585 1155 697 1201; x_wconf 88' lang='lat' dir='ltr'>mala</span> <span class='ocrx_word' id='word_1_104' title='bbox 716 1172 783 1200; x_wconf 83' lang='lat' dir='ltr'>am</span> <span class='ocrx_word' id='word_1_105' title='bbox 790 1156 1016 1217; x_wconf 65' lang='lat' dir='ltr'>plectimur</span> <span class='ocrx_word' id='word_1_106' title='bbox 1032 1166 1259 1216; x_wconf 85' lang='lat' dir='ltr'>:optamus</span> <span class='ocrx_word' id='word_1_107' title='bbox 1273 1168 1428 1202; x_wconf 82' lang='lat' dir='ltr'>contra</span> <span class='ocrx_word' id='word_1_108' title='bbox 1444 1157 1489 1202; x_wconf 89' lang='lat' dir='ltr'>id</span> <span class='ocrx_word' id='word_1_109' title='bbox 1502 1159 1625 1220; x_wconf 87' lang='lat' dir='ltr'>quod</span> 
     </span>
     <span class='ocr_line' id='line_1_15' title="bbox 337 1228 1626 1292; baseline 0.003 -18"><span class='ocrx_word' id='word_1_110' title='bbox 337 1228 596 1289; x_wconf 87' lang='lat' dir='ltr'>optavimus</span> <span class='ocrx_word' id='word_1_111' title='bbox 617 1246 629 1275; x_wconf 73' lang='grc' dir='ltr'><strong><em>ε</em></strong></span> <span class='ocrx_word' id='word_1_112' title='bbox 651 1241 847 1292; x_wconf 86' lang='lat' dir='ltr'>pugnant</span> <span class='ocrx_word' id='word_1_113' title='bbox 865 1241 972 1276; x_wconf 86' lang='lat' dir='ltr'>vota</span> <span class='ocrx_word' id='word_1_114' title='bbox 992 1229 1137 1274; x_wconf 60' lang='lat' dir='ltr'>nostra</span> <span class='ocrx_word' id='word_1_115' title='bbox 1158 1246 1259 1275; x_wconf 82' lang='lat' dir='ltr'>cum</span> <span class='ocrx_word' id='word_1_116' title='bbox 1281 1230 1398 1276; x_wconf 87' lang='lat' dir='ltr'>votis</span> <span class='ocrx_word' id='word_1_117' title='bbox 1413 1267 1427 1287; x_wconf 86' lang='lat'><em>‚</em></span> <span class='ocrx_word' id='word_1_118' title='bbox 1447 1231 1626 1278; x_wconf 78' lang='lat' dir='ltr'>consilia</span> 
     </span>
     <span class='ocr_line' id='line_1_16' title="bbox 337 1301 1623 1364; baseline 0.002 -16"><span class='ocrx_word' id='word_1_119' title='bbox 337 1319 439 1349; x_wconf 85' lang='lat' dir='ltr'>cum</span> <span class='ocrx_word' id='word_1_120' title='bbox 474 1302 675 1349; x_wconf 80' lang='lat' dir='ltr'>consiliis.</span> <span class='ocrx_word' id='word_1_121' title='bbox 706 1302 914 1348; x_wconf 89' lang='lat' dir='ltr'>Adulatio</span> <span class='ocrx_word' id='word_1_122' title='bbox 946 1318 1077 1364; x_wconf 87' lang='lat' dir='ltr'>quam</span> <span class='ocrx_word' id='word_1_123' title='bbox 1108 1301 1252 1348; x_wconf 75' lang='lat' dir='ltr'>similis</span> <span class='ocrx_word' id='word_1_124' title='bbox 1282 1302 1343 1348; x_wconf 85' lang='lat' dir='ltr'>est</span> <span class='ocrx_word' id='word_1_125' title='bbox 1369 1304 1623 1351; x_wconf 78' lang='lat' dir='ltr'>amicitiae?</span> 
     </span>
     <span class='ocr_line' id='line_1_17' title="bbox 335 1373 1619 1436; baseline 0 -14"><span class='ocrx_word' id='word_1_126' title='bbox 335 1377 444 1422; x_wconf 86' lang='lat' dir='ltr'>Non</span> <span class='ocrx_word' id='word_1_127' title='bbox 463 1375 657 1422; x_wconf 86' lang='lat' dir='ltr'>imitatur</span> <span class='ocrx_word' id='word_1_128' title='bbox 679 1387 846 1422; x_wconf 81' lang='lat' dir='ltr'>tantum</span> <span class='ocrx_word' id='word_1_129' title='bbox 869 1375 986 1421; x_wconf 83' lang='lat' dir='ltr'>illam</span> <span class='ocrx_word' id='word_1_130' title='bbox 1005 1410 1018 1432; x_wconf 85' lang='lat'>‚</span> <span class='ocrx_word' id='word_1_131' title='bbox 1046 1373 1117 1420; x_wconf 87' lang='lat' dir='ltr'>sed</span> <span class='ocrx_word' id='word_1_132' title='bbox 1138 1373 1301 1430; x_wconf 82' lang='lat' dir='ltr'>vincit,</span> <span class='ocrx_word' id='word_1_133' title='bbox 1322 1388 1365 1421; x_wconf 90' lang='lat' dir='ltr'>et</span> <span class='ocrx_word' id='word_1_134' title='bbox 1386 1377 1590 1436; x_wconf 77' lang='lat' dir='ltr'>praeterit</span> <span class='ocrx_word' id='word_1_135' title='bbox 1609 1395 1619 1422; x_wconf 95' lang='lat'>:</span> 
     </span>
     <span class='ocr_line' id='line_1_18' title="bbox 334 1445 1623 1512; baseline 0 -17"><span class='ocrx_word' id='word_1_136' title='bbox 334 1449 494 1512; x_wconf 81' lang='lat' dir='ltr'>apertis</span> <span class='ocrx_word' id='word_1_137' title='bbox 514 1461 557 1496; x_wconf 88' lang='lat' dir='ltr'>et</span> <span class='ocrx_word' id='word_1_138' title='bbox 577 1448 778 1512; x_wconf 85' lang='lat' dir='ltr'>propitiis</span> <span class='ocrx_word' id='word_1_139' title='bbox 795 1448 970 1494; x_wconf 87' lang='lat' dir='ltr'>auribus</span> <span class='ocrx_word' id='word_1_140' title='bbox 988 1445 1222 1509; x_wconf 81' lang='lat' dir='ltr'>recipitur,</span> <span class='ocrx_word' id='word_1_141' title='bbox 1241 1446 1346 1493; x_wconf 88' lang='lat' dir='ltr'>etin</span> <span class='ocrx_word' id='word_1_142' title='bbox 1367 1449 1623 1509; x_wconf 82' lang='lat' dir='ltr'>praecordia</span> 
     </span>
     <span class='ocr_line' id='line_1_19' title="bbox 335 1518 1621 1583; baseline 0.001 -15"><span class='ocrx_word' id='word_1_143' title='bbox 335 1522 426 1568; x_wconf 81' lang='lat' dir='ltr'>ima</span> <span class='ocrx_word' id='word_1_144' title='bbox 460 1521 705 1579; x_wconf 87' lang='lat' dir='ltr'>descendit,</span> <span class='ocrx_word' id='word_1_145' title='bbox 737 1537 792 1567; x_wconf 92' lang='lat' dir='ltr'>eo</span> <span class='ocrx_word' id='word_1_146' title='bbox 826 1520 922 1583; x_wconf 82' lang='lat' dir='ltr'>ipso</span> <span class='ocrx_word' id='word_1_147' title='bbox 952 1518 1161 1582; x_wconf 89' lang='lat' dir='ltr'>gratiosa,</span> <span class='ocrx_word' id='word_1_148' title='bbox 1196 1536 1287 1582; x_wconf 88' lang='lat' dir='ltr'>quo</span> <span class='ocrx_word' id='word_1_149' title='bbox 1316 1520 1457 1566; x_wconf 88' lang='lat' dir='ltr'>laedit.</span> <span class='ocrx_word' id='word_1_150' title='bbox 1487 1523 1621 1569; x_wconf 89' lang='lat' dir='ltr'>Doce</span> 
     </span>
     <span class='ocr_line' id='line_1_20' title="bbox 334 1593 1620 1657; baseline -0.002 -15"><span class='ocrx_word' id='word_1_151' title='bbox 334 1595 714 1648; x_wconf 69' lang='lat' dir='ltr'>Quemadmodum</span> <span class='ocrx_word' id='word_1_152' title='bbox 743 1595 854 1641; x_wconf 87' lang='lat' dir='ltr'>hanc</span> <span class='ocrx_word' id='word_1_153' title='bbox 881 1593 1205 1642; x_wconf 82' lang='lat' dir='ltr'>similitudinem</span> <span class='ocrx_word' id='word_1_154' title='bbox 1237 1593 1491 1656; x_wconf 82' lang='lat' dir='ltr'>dignoscere</span> <span class='ocrx_word' id='word_1_155' title='bbox 1515 1595 1620 1657; x_wconf 89' lang='lat' dir='ltr'>pos·</span> 
     </span>
     <span class='ocr_line' id='line_1_21' title="bbox 332 1666 1618 1730; baseline 0 -16"><span class='ocrx_word' id='word_1_156' title='bbox 332 1670 427 1715; x_wconf 70' lang='lat' dir='ltr'>sim.</span> <span class='ocrx_word' id='word_1_157' title='bbox 457 1667 580 1715; x_wconf 86' lang='lat' dir='ltr'>venit</span> <span class='ocrx_word' id='word_1_158' title='bbox 601 1668 654 1714; x_wconf 86' lang='lat' dir='ltr'>ad</span> <span class='ocrx_word' id='word_1_159' title='bbox 681 1685 751 1714; x_wconf 88' lang='lat' dir='ltr'>me</span> <span class='ocrx_word' id='word_1_160' title='bbox 772 1683 854 1730; x_wconf 83' lang='lat' dir='ltr'>pro</span> <span class='ocrx_word' id='word_1_161' title='bbox 877 1666 1021 1713; x_wconf 82' lang='lat' dir='ltr'>amico</span> <span class='ocrx_word' id='word_1_162' title='bbox 1047 1666 1229 1713; x_wconf 84' lang='lat' dir='ltr'>blandus</span> <span class='ocrx_word' id='word_1_163' title='bbox 1254 1666 1454 1713; x_wconf 85' lang='lat' dir='ltr'>inimicus</span> <span class='ocrx_word' id='word_1_164' title='bbox 1476 1684 1486 1711; x_wconf 92' lang='lat'>:</span> <span class='ocrx_word' id='word_1_165' title='bbox 1510 1667 1618 1714; x_wconf 84' lang='lat' dir='ltr'>vitia</span> 
     </span>
     <span class='ocr_line' id='line_1_22' title="bbox 335 1739 1619 1801; baseline -0.001 -13"><span class='ocrx_word' id='word_1_166' title='bbox 335 1743 463 1788; x_wconf 82' lang='lat' dir='ltr'>nobis</span> <span class='ocrx_word' id='word_1_167' title='bbox 483 1741 561 1788; x_wconf 88' lang='lat' dir='ltr'>sub</span> <span class='ocrx_word' id='word_1_168' title='bbox 583 1741 800 1788; x_wconf 85' lang='lat' dir='ltr'>virtutum</span> <span class='ocrx_word' id='word_1_169' title='bbox 831 1740 1009 1786; x_wconf 81' lang='lat' dir='ltr'>nomine</span> <span class='ocrx_word' id='word_1_170' title='bbox 1027 1739 1248 1801; x_wconf 83' lang='lat' dir='ltr'>obrepunt</span> <span class='ocrx_word' id='word_1_171' title='bbox 1267 1758 1277 1785; x_wconf 80' lang='lat' dir='ltr'><em>z</em></span> <span class='ocrx_word' id='word_1_172' title='bbox 1299 1740 1518 1787; x_wconf 80' lang='lat' dir='ltr'>temeritas</span> <span class='ocrx_word' id='word_1_173' title='bbox 1543 1740 1619 1787; x_wconf 89' lang='lat' dir='ltr'>sub</span> 
     </span>
     <span class='ocr_line' id='line_1_23' title="bbox 333 1803 1616 1877; baseline -0.002 -15"><span class='ocrx_word' id='word_1_174' title='bbox 333 1816 465 1862; x_wconf 72' lang='lat' dir='ltr'>titulo</span> <span class='ocrx_word' id='word_1_175' title='bbox 484 1803 754 1861; x_wconf 87' lang='lat' dir='ltr'>fortitudinis</span> <span class='ocrx_word' id='word_1_176' title='bbox 773 1814 903 1860; x_wconf 86' lang='lat' dir='ltr'>latet:</span> <span class='ocrx_word' id='word_1_177' title='bbox 930 1812 1178 1859; x_wconf 86' lang='lat' dir='ltr'>moderatio</span> <span class='ocrx_word' id='word_1_178' title='bbox 1203 1828 1389 1859; x_wconf 87' lang='lat' dir='ltr'>vocatur</span> <span class='ocrx_word' id='word_1_179' title='bbox 1409 1814 1616 1877; x_wconf 81' lang='lat' dir='ltr'>ignavia:</span> 
     </span>
     <span class='ocr_line' id='line_1_24' title="bbox 332 1885 1618 1952; baseline -0.002 -17"><span class='ocrx_word' id='word_1_180' title='bbox 332 1905 419 1952; x_wconf 83' lang='lat' dir='ltr'>pro</span> <span class='ocrx_word' id='word_1_181' title='bbox 451 1901 582 1935; x_wconf 84' lang='lat' dir='ltr'>cauto</span> <span class='ocrx_word' id='word_1_182' title='bbox 602 1887 782 1934; x_wconf 84' lang='lat' dir='ltr'>timidus</span> <span class='ocrx_word' id='word_1_183' title='bbox 807 1885 1030 1948; x_wconf 84' lang='lat' dir='ltr'>accipitur.</span> <span class='ocrx_word' id='word_1_184' title='bbox 1059 1887 1107 1930; x_wconf 86' lang='lat' dir='ltr'>In</span> <span class='ocrx_word' id='word_1_185' title='bbox 1134 1885 1202 1931; x_wconf 86' lang='lat' dir='ltr'>his</span> <span class='ocrx_word' id='word_1_186' title='bbox 1229 1902 1391 1948; x_wconf 84' lang='lat' dir='ltr'>magno</span> <span class='ocrx_word' id='word_1_187' title='bbox 1418 1886 1618 1948; x_wconf 87' lang='lat' dir='ltr'>periculo</span> 
     </span>
     <span class='ocr_line' id='line_1_25' title="bbox 331 1957 1614 2022; baseline -0.002 -13"><span class='ocrx_word' id='word_1_188' title='bbox 331 1974 528 2009; x_wconf 76' lang='lat' dir='ltr'>erratur:</span> <span class='ocrx_word' id='word_1_189' title='bbox 551 1960 617 2008; x_wconf 84' lang='lat' dir='ltr'>his</span> <span class='ocrx_word' id='word_1_190' title='bbox 646 1975 786 2007; x_wconf 82' lang='lat' dir='ltr'>certas</span> <span class='ocrx_word' id='word_1_191' title='bbox 813 1972 941 2006; x_wconf 78' lang='lat' dir='ltr'>notas</span> <span class='ocrx_word' id='word_1_192' title='bbox 967 1957 1184 2021; x_wconf 84' lang='lat' dir='ltr'>imprime.</span> <span class='ocrx_word' id='word_1_193' title='bbox 1213 1959 1422 2005; x_wconf 86' lang='lat' dir='ltr'>Ceterum</span> <span class='ocrx_word' id='word_1_194' title='bbox 1448 1959 1525 2022; x_wconf 85' lang='lat' dir='ltr'>qui</span> <span class='ocrx_word' id='word_1_195' title='bbox 1544 1958 1614 2006; x_wconf 84' lang='lat' dir='ltr'>in-</span> 
     </span>
     <span class='ocr_line' id='line_1_26' title="bbox 330 2030 1614 2097; baseline -0.002 -15"><span class='ocrx_word' id='word_1_196' title='bbox 330 2048 606 2097; x_wconf 65' lang='lat' dir='ltr'>terrogatur,</span> <span class='ocrx_word' id='word_1_197' title='bbox 637 2051 692 2080; x_wconf 89' lang='lat' dir='ltr'>an</span> <span class='ocrx_word' id='word_1_198' title='bbox 716 2049 882 2080; x_wconf 83' lang='lat' dir='ltr'>cornua</span> <span class='ocrx_word' id='word_1_199' title='bbox 909 2032 1084 2086; x_wconf 88' lang='lat' dir='ltr'>habeat,</span> <span class='ocrx_word' id='word_1_200' title='bbox 1112 2048 1205 2077; x_wconf 90' lang='lat' dir='ltr'>non</span> <span class='ocrx_word' id='word_1_201' title='bbox 1236 2030 1297 2078; x_wconf 86' lang='lat' dir='ltr'>est</span> <span class='ocrx_word' id='word_1_202' title='bbox 1319 2042 1406 2077; x_wconf 88' lang='lat' dir='ltr'>tam</span> <span class='ocrx_word' id='word_1_203' title='bbox 1438 2031 1614 2090; x_wconf 87' lang='lat' dir='ltr'>stultus,</span> 
     </span>
     <span class='ocr_line' id='line_1_27' title="bbox 330 2105 1614 2168; baseline -0.003 -12"><span class='ocrx_word' id='word_1_204' title='bbox 330 2123 380 2156; x_wconf 73' lang='lat' dir='ltr'>ut</span> <span class='ocrx_word' id='word_1_205' title='bbox 404 2109 597 2156; x_wconf 80' lang='lat' dir='ltr'>frontem</span> <span class='ocrx_word' id='word_1_206' title='bbox 627 2108 744 2155; x_wconf 84' lang='lat' dir='ltr'>suam</span> <span class='ocrx_word' id='word_1_207' title='bbox 767 2118 932 2154; x_wconf 89' lang='lat' dir='ltr'>tentet:</span> <span class='ocrx_word' id='word_1_208' title='bbox 954 2122 1034 2152; x_wconf 86' lang='lat' dir='ltr'>nec</span> <span class='ocrx_word' id='word_1_209' title='bbox 1061 2105 1203 2152; x_wconf 81' lang='lat' dir='ltr'>rursus</span> <span class='ocrx_word' id='word_1_210' title='bbox 1227 2120 1317 2152; x_wconf 86' lang='lat' dir='ltr'>tam</span> <span class='ocrx_word' id='word_1_211' title='bbox 1342 2105 1514 2168; x_wconf 87' lang='lat' dir='ltr'>ineptus</span> <span class='ocrx_word' id='word_1_212' title='bbox 1540 2119 1614 2152; x_wconf 89' lang='lat' dir='ltr'>aut</span> 
     </span>
     <span class='ocr_line' id='line_1_28' title="bbox 329 2179 1613 2240; baseline 0 -14"><span class='ocrx_word' id='word_1_213' title='bbox 329 2184 465 2229; x_wconf 56' lang='lat' dir='ltr'>hebes</span> <span class='ocrx_word' id='word_1_214' title='bbox 478 2218 491 2240; x_wconf 93' lang='lat'>‚</span> <span class='ocrx_word' id='word_1_215' title='bbox 521 2195 570 2228; x_wconf 82' lang='lat' dir='ltr'>ut</span> <span class='ocrx_word' id='word_1_216' title='bbox 589 2197 681 2227; x_wconf 89' lang='lat' dir='ltr'>non</span> <span class='ocrx_word' id='word_1_217' title='bbox 700 2180 860 2227; x_wconf 85' lang='lat' dir='ltr'>habere</span> <span class='ocrx_word' id='word_1_218' title='bbox 881 2179 924 2226; x_wconf 90' lang='lat' dir='ltr'>se</span> <span class='ocrx_word' id='word_1_219' title='bbox 945 2179 1129 2236; x_wconf 84' lang='lat' dir='ltr'>nesciat,</span> <span class='ocrx_word' id='word_1_220' title='bbox 1150 2180 1273 2240; x_wconf 81' lang='lat' dir='ltr'>quod</span> <span class='ocrx_word' id='word_1_221' title='bbox 1293 2191 1339 2225; x_wconf 86' lang='lat' dir='ltr'>tu</span> <span class='ocrx_word' id='word_1_222' title='bbox 1354 2179 1415 2226; x_wconf 87' lang='lat' dir='ltr'>illi</span> <span class='ocrx_word' id='word_1_223' title='bbox 1435 2179 1613 2226; x_wconf 88' lang='lat' dir='ltr'>subtilis—</span> 
     </span>
     <span class='ocr_line' id='line_1_29' title="bbox 327 2252 1611 2318; baseline -0.001 -18"><span class='ocrx_word' id='word_1_224' title='bbox 327 2256 431 2302; x_wconf 63' lang='lat' dir='ltr'>sima</span> <span class='ocrx_word' id='word_1_225' title='bbox 452 2255 713 2303; x_wconf 74' lang='lat' dir='ltr'>colleffione</span> <span class='ocrx_word' id='word_1_226' title='bbox 739 2253 1008 2318; x_wconf 86' lang='lat' dir='ltr'>persuaseris.</span> <span class='ocrx_word' id='word_1_227' title='bbox 1033 2254 1104 2301; x_wconf 85' lang='lat' dir='ltr'>Sic</span> <span class='ocrx_word' id='word_1_228' title='bbox 1127 2253 1203 2301; x_wconf 85' lang='lat' dir='ltr'>ista</span> <span class='ocrx_word' id='word_1_229' title='bbox 1231 2253 1318 2300; x_wconf 89' lang='lat' dir='ltr'>fine</span> <span class='ocrx_word' id='word_1_230' title='bbox 1347 2269 1464 2300; x_wconf 83' lang='lat' dir='ltr'>noxa</span> <span class='ocrx_word' id='word_1_231' title='bbox 1492 2252 1611 2299; x_wconf 87' lang='lat' dir='ltr'>deci-</span> 
     </span>
     <span class='ocr_line' id='line_1_30' title="bbox 327 2327 1610 2393; baseline -0.002 -18"><span class='ocrx_word' id='word_1_232' title='bbox 327 2331 487 2390; x_wconf 74' lang='lat' dir='ltr'>piunt,</span> <span class='ocrx_word' id='word_1_233' title='bbox 516 2329 753 2393; x_wconf 88' lang='lat' dir='ltr'>quomodo</span> <span class='ocrx_word' id='word_1_234' title='bbox 785 2327 1163 2392; x_wconf 83' lang='lat' dir='ltr'>praestigiatorum</span> <span class='ocrx_word' id='word_1_235' title='bbox 1193 2327 1418 2375; x_wconf 85' lang='lat' dir='ltr'>acetabula</span> <span class='ocrx_word' id='word_1_236' title='bbox 1447 2338 1492 2374; x_wconf 91' lang='lat' dir='ltr'>et</span> <span class='ocrx_word' id='word_1_237' title='bbox 1517 2327 1610 2373; x_wconf 88' lang='lat' dir='ltr'>cal—</span> 
     </span>
     <span class='ocr_line' id='line_1_31' title="bbox 326 2400 1656 2465; baseline -0.002 -16"><span class='ocrx_word' id='word_1_238' title='bbox 326 2403 436 2459; x_wconf 78' lang='lat' dir='ltr'>culi,</span> <span class='ocrx_word' id='word_1_239' title='bbox 465 2402 511 2449; x_wconf 90' lang='lat' dir='ltr'>in</span> <span class='ocrx_word' id='word_1_240' title='bbox 531 2402 690 2465; x_wconf 86' lang='lat' dir='ltr'>quibus</span> <span class='ocrx_word' id='word_1_241' title='bbox 713 2401 883 2449; x_wconf 84' lang='lat' dir='ltr'>fallacia</span> <span class='ocrx_word' id='word_1_242' title='bbox 901 2400 989 2464; x_wconf 84' lang='lat' dir='ltr'>ipsa</span> <span class='ocrx_word' id='word_1_243' title='bbox 1012 2402 1207 2449; x_wconf 57' lang='lat' dir='ltr'>delee&#39;tat.</span> <span class='ocrx_word' id='word_1_244' title='bbox 1227 2402 1362 2449; x_wconf 82' lang='lat' dir='ltr'>Effice</span> <span class='ocrx_word' id='word_1_245' title='bbox 1377 2436 1391 2458; x_wconf 91' lang='lat'>,</span> <span class='ocrx_word' id='word_1_246' title='bbox 1419 2415 1467 2448; x_wconf 90' lang='lat' dir='ltr'>ut</span> <span class='ocrx_word' id='word_1_247' title='bbox 1493 2417 1608 2464; x_wconf 86' lang='lat' dir='ltr'>quo·</span> <span class='ocrx_word' id='word_1_248' title='bbox 1653 2449 1656 2451; x_wconf 17' lang='grc' dir='ltr'><strong>Α</strong></span> 
     </span>
     <span class='ocr_line' id='line_1_32' title="bbox 324 2472 1605 2540; baseline -0.002 -17"><span class='ocrx_word' id='word_1_249' title='bbox 324 2476 466 2526; x_wconf 68' lang='lat' dir='ltr'>modo</span> <span class='ocrx_word' id='word_1_250' title='bbox 500 2475 577 2524; x_wconf 85' lang='lat' dir='ltr'>fiat</span> <span class='ocrx_word' id='word_1_251' title='bbox 606 2474 847 2540; x_wconf 83' lang='lat' dir='ltr'>intelligam</span> <span class='ocrx_word' id='word_1_252' title='bbox 876 2492 887 2523; x_wconf 92' lang='lat'>:</span> <span class='ocrx_word' id='word_1_253' title='bbox 914 2473 1086 2539; x_wconf 84' lang='lat' dir='ltr'>perdidi</span> <span class='ocrx_word' id='word_1_254' title='bbox 1118 2473 1254 2527; x_wconf 78' lang='lat' dir='ltr'>usum.</span> <span class='ocrx_word' id='word_1_255' title='bbox 1279 2474 1400 2523; x_wconf 74' lang='lat' dir='ltr'>Idem</span> <span class='ocrx_word' id='word_1_256' title='bbox 1428 2473 1494 2535; x_wconf 68' lang='lat' dir='ltr'>de.¹</span> <span class='ocrx_word' id='word_1_257' title='bbox 1516 2472 1605 2522; x_wconf 82' lang='lat' dir='ltr'>istis</span> 
     </span>
    </p>
   </div>
   <div class='ocr_carea' id='block_1_3' title="bbox 1769 1025 1807 3004">
    <p class='ocr_par' dir='ltr' id='par_1_3' title="bbox 1769 1025 1807 3004">
     <span class='ocr_line' id='line_1_33' title="bbox 1769 1025 1807 3004; baseline 0 0"><span class='ocrx_word' id='word_1_258' title='bbox 1769 1025 1807 3004; x_wconf 95' lang='lat' dir='ltr'> </span> 
     </span>
    </p>
   </div>
  </div>
 </body>
</html>
