1797 2956
315 192 407 240 394
540 179 588 225 L.
649 176 948 224 ANNAEI
1008 177 1363 225 SENECAE

312 301 414 330 nem
443 284 580 331 solum
602 284 761 331 malum
783 284 968 348 fugerit,
999 285 1160 349 reliqua
1177 285 1326 333 omnia
1343 319 1358 342 ‚
1385 283 1590 345 divitias;

311 357 508 405 honores
523 394 535 415 ,
554 359 717 404 bonam
741 359 1034 406 valetudinem
1053 394 1065 418 ‚
1091 361 1205 407 vires
1219 395 1232 417 ,
1252 360 1433 422 imperia
1452 395 1466 417 ‚
1486 359 1592 407 scie-

310 429 367 475 rit
392 429 476 475 effe
496 429 682 475 mediam
705 443 867 492 partem
883 466 896 489 ‚
924 448 1006 479 nec
1033 431 1161 478 bonis
1190 431 1560 478 annumerandam
1575 464 1591 489 ‚

309 515 393 546 nec
417 500 567 546 malis:
604 501 871 548 monitorem
905 520 996 550 non
1022 503 1277 551 desiderabit
1308 506 1360 551 ad
1396 503 1556 567 singula
1576 539 1593 563 ,

309 573 384 636 qui
425 573 573 620 dicat:
604 575 674 621 Sic
706 573 885 630 incede,
915 576 973 624 fic
1008 592 1173 622 coena:
1207 576 1294 623 hoc
1334 577 1465 632 viro,
1502 577 1591 621 hoc

310 645 520 702 feminae,
541 646 628 694 hoc
646 646 805 693 marito
821 679 835 703 ,
861 648 947 695 hoc
966 648 1120 695 caelibi
1141 649 1361 696 convenit.
1380 648 1455 694 lsta
1474 647 1593 693 enirn

311 717 387 780 qui
420 718 740 782 diligentiffime
767 733 979 776 monent,
1012 718 1089 783 ipsi
1119 720 1257 768 r'acere
1289 737 1377 767 non
1407 720 1592 784 poss'unt.

311 791 432 838 Haec
454 792 729 855 paedagogus
750 810 889 855 puero
908 829 920 851 ,
947 794 1050 840 haec
1070 793 1168 839 avia
1190 793 1336 855 nepoti
1357 792 1562 855 praecipit
1582 809 1593 838 t

312 877 356 911 et
382 864 651 912 irascendum
681 884 769 912 non
789 866 872 914 effe
890 899 904 920 ‚
936 865 1135 929 magister
1164 865 1507 912 iracundiffimus
1525 865 1596 909 di-

311 935 465 999 sputat.
488 938 529 983 Si
559 938 708 984 ludum
731 939 964 985 literarium
985 938 1241 996 intraveris,
1268 937 1372 984 scies
1391 938 1466 983 ista
1485 954 1596 1000 quae

310 1008 476 1073 ingenti
504 1010 740 1072 supercilio
772 1012 1027 1074 philosophi
1053 1013 1238 1069 iaciant,
1268 1012 1313 1058 in
1336 1011 1493 1074 puerili
1511 1011 1597 1058 effe

311 1084 596 1147 praescripto.
612 1088 774 1133 Utrum
797 1088 1018 1134 manifesta
1040 1088 1216 1133 demum
1230 1123 1242 1142 ,
1257 1104 1308 1132 an
1324 1086 1453 1132 dubia
1472 1102 1599 1148 prae-

311 1157 480 1219 cipies?
513 1175 604 1204 non
638 1160 880 1205 desiderant
909 1159 1133 1205 manifesta
1160 1159 1402 1205 monitores
1427 1175 1437 1203 :
1471 1173 1598 1219 prae-

313 1231 492 1294 cipienti
522 1232 655 1279 dubia
673 1268 686 1290 ,
715 1249 806 1279 non
828 1232 1021 1279 creditur
1042 1250 1052 1278 τ
1074 1233 1391 1295 supervacuum
1411 1230 1470 1276 est
1490 1246 1600 1292 ergo

313 1305 587 1367 praecipere.
623 1304 669 1350 Id
690 1305 802 1351 adeo
825 1304 882 1351 fic
903 1304 1029 1350 disce.
1050 1304 1093 1350 Si
1117 1305 1161 1350 id
1192 1319 1344 1350 mones
1369 1303 1490 1364 quod
1517 1303 1601 1348 ob-

312 1376 485 1424 scurum
502 1376 561 1421 est
583 1389 626 1422 et
644 1377 901 1440 ambiguum
919 1412 931 1433 ,
947 1368 1282 1438 probationibus
1301 1374 1599 1422 adiuvandum

312 1449 396 1496 erit
414 1468 424 1496 :
449 1449 475 1495 fi
497 1449 761 1511 probaturus
777 1467 822 1496 es
837 1485 850 1506 ‚
875 1450 944 1496 illa
965 1466 1043 1511 per
1062 1465 1172 1512 quae
1196 1450 1357 1510 probas
1373 1483 1385 1505 ‚
1406 1447 1499 1509 plus
1518 1464 1599 1494 va·-

312 1522 428 1579 lent‚
460 1522 642 1585 satisque
669 1539 747 1586 per
767 1523 809 1569 se
833 1523 942 1569 sunt.
962 1522 1029 1568 Sic
1051 1521 1197 1568 amico
1218 1533 1362 1578 utere,
1385 1520 1441 1566 fic
1468 1520 1568 1567 cive
1583 1552 1600 1575 ‚

315 1593 373 1641 fic
402 1594 541 1642 socio.
566 1595 736 1657 quare?
771 1593 875 1657 quia
899 1593 1057 1638 iustum
1085 1591 1159 1639 esta
1192 1592 1356 1638 Omnia
1385 1590 1460 1636 ista
1492 1591 1601 1645 mihi

312 1665 437 1715 locus
455 1668 508 1714 de
527 1667 684 1715 iustitia
705 1668 849 1714 tradit.
870 1666 961 1713 Illic
977 1665 1158 1713 invenio
1177 1665 1440 1727 aequitatem
1463 1681 1540 1727 per
1559 1663 1603 1711 se

315 1744 608 1807 expetendam
624 1779 637 1801 ,
668 1759 749 1790 nec
773 1753 891 1788 metu
913 1756 994 1786 nos
1019 1740 1073 1786 ad
1091 1740 1206 1785 illam
1228 1739 1356 1801 cogi,
1389 1755 1469 1785 nec
1488 1754 1605 1783 mer-

316 1817 422 1863 cede
443 1816 634 1865 conduci
655 1834 666 1863 :
691 1831 782 1876 non
801 1813 886 1862 effe
908 1812 1066 1859 iustum
1081 1847 1095 1868 ‚
1114 1811 1184 1860 cui
1201 1811 1440 1874 quidquam
1462 1810 1506 1856 in
1520 1811 1602 1859 hac

315 1890 480 1936 virtute
500 1890 669 1952 placet,
694 1899 864 1952 praeter
883 1884 1032 1949 ipsam.
1054 1886 1174 1931 Haec
1195 1901 1296 1931 cum
1318 1882 1502 1946 persuasi
1520 1883 1604 1929 mi-

316 1962 392 2020 hi,
419 1975 461 2008 et
482 1962 675 2025 perbibi,
706 1961 812 2025 quid
835 1959 912 2007 ista
942 1970 1172 2022 praecepta
1199 1957 1464 2021 proficiunt,
1491 1973 1603 2020 quae

314 2035 536 2083 eruditum
573 2035 769 2084 docent?
814 2036 1047 2095 Praecepta
1085 2032 1186 2078 dare
1226 2029 1406 2086 scienti,
1450 2030 1603 2092 super-

314 2126 509 2158 vacuum
528 2109 589 2157 est
609 2126 620 2156 :
643 2107 877 2166 nescienti,
906 2122 1077 2170 parum.
1106 2102 1272 2150 Audire
1288 2102 1405 2150 enim
1438 2102 1566 2150 debet
1587 2138 1604 2161 ,

314 2199 409 2230 non
440 2194 608 2230 tantum
627 2181 737 2245 quid
757 2179 834 2228 fibi
861 2176 1148 2243 praecipiatur
1163 2212 1177 2234 ‚
1210 2176 1281 2223 sed
1305 2176 1435 2222 etiam
1454 2192 1605 2238 quare.

317 2260 484 2304 Utrum
503 2293 516 2315 ‚
547 2257 725 2320 inquam
744 2287 758 2310 ‚
791 2270 917 2302 veras
937 2252 1171 2316 opiniones
1193 2249 1370 2297 habenti
1400 2249 1453 2296 de
1477 2248 1609 2296 bonis

317 2330 552 2394 malisque,
585 2330 680 2376 sunt
699 2327 932 2377 necessaria
946 2363 962 2384 ,
991 2344 1046 2373 an
1074 2342 1166 2372 non
1195 2323 1396 2372 habenti?
1416 2322 1493 2387 qui
1512 2337 1606 2368 non

316 2403 476 2460 habet,
507 2402 612 2449 nihil
638 2421 662 2450 a
698 2416 740 2450 te
770 2400 1083 2448 adiuvabitur:
1115 2415 1239 2445 aures
1267 2397 1361 2444 eius
1389 2394 1606 2443 contraria

318 2475 643 2531 monitionibus
664 2476 750 2525 tuis
779 2475 892 2523 fama
921 2471 1126 2539 poffedit.
1152 2471 1227 2537 qui
1250 2470 1381 2519 habet
1404 2468 1603 2518 exastum
