1780 2988
551 160 1124 211 EPISTULA&
1380 161 1470 221 387

205 269 442 334 peritorum
477 270 708 316 verberant
740 269 909 314 oculos.
942 268 1030 313 Scit
1054 266 1148 312 erui
1172 282 1195 311 e
1228 280 1397 324 coeno,
1417 285 1470 314 cx

205 361 299 405 quo
329 344 399 388 illa
431 342 610 388 secrevit
641 341 849 402 cupiditas
885 339 1028 384 nostra
1064 349 1106 384 et
1139 335 1306 383 effodit.
1352 339 1467 394 Scit,

205 415 409 477 inquam,
432 413 531 460 alibi
554 413 710 476 politas
730 411 809 457 effe
830 410 999 456 divitias
1014 445 1026 468 ,
1044 425 1176 472 quam
1198 425 1287 472 quo
1310 426 1469 473 conge-

204 500 384 532 runtur:
417 485 611 531 animum
637 482 809 545 impleri
830 483 1008 537 debere,
1035 497 1124 526 non
1148 497 1303 526 arcam.
1343 481 1471 528 Hunc

203 557 431 619 imponere
469 557 670 603 dominio
705 554 904 600 omnium
940 569 1083 598 rerum
1111 551 1235 608 licet,
1279 553 1392 600 hunc
1427 555 1473 600 in

203 628 512 690 pofl'effionem
548 644 693 674 rerum
723 638 896 672 naturae
928 625 1132 672 inducere
1152 660 1164 682 ,
1196 638 1241 671 ut
1282 625 1472 672 suorum,

204 703 363 748 Oriens
396 701 702 763 Occidensque
732 699 938 745 terminus
965 698 1061 756 fiat,
1087 701 1357 761 deorumque
1386 700 1472 747 ritu

202 774 356 819 cunch
394 773 628 837 possideam
661 789 760 819 cum
796 771 953 833 opibus
983 771 1064 817 suis
1096 771 1252 818 divites
1289 772 1471 835 superne

202 844 434 906 despiciat:
459 863 649 908 quorum
683 862 815 892 nemo
843 857 928 890 tam
955 844 1087 891 laetus
1119 844 1284 905 estysuo
1301 881 1312 901 ,
1339 862 1469 907 quam

200 917 327 963 tristis
356 917 510 964 alieno.
558 919 672 964 Cum
709 917 749 964 se
782 918 825 963 in
858 917 966 964 hanc
999 917 1303 964 sublimitatem
1337 919 1433 964 tulit
1453 953 1466 973 ‚

202 990 401 1051 corporis
427 1007 636 1054 quoque,
663 991 782 1038 velut
806 990 951 1037 oneris
974 989 1213 1046 necessarii,
1240 1007 1328 1036 non
1358 1007 1469 1036 ama-

201 1072 286 1118 tor,
312 1062 383 1108 sed
407 1076 664 1124 procurator
688 1063 776 1109 est:
800 1080 879 1109 nec
901 1062 942 1109 se
961 1062 1022 1107 illi
1048 1063 1119 1108 cui
1137 1061 1362 1124 impositus
1385 1063 1462 1118 est,

200 1133 378 1180 subiicit.
409 1135 556 1180 Nemo
577 1135 684 1181 liber
704 1133 787 1191 est,
806 1133 883 1198 qui
910 1134 1088 1196 corpori
1114 1132 1260 1181 servit⁰
1292 1152 1392 1181 nam
1417 1148 1464 1183 ut

197 1205 301 1252 alios
326 1207 558 1265 dominos,
581 1223 695 1270 quos
721 1207 853 1252 nimia
876 1222 957 1268 pro
976 1206 1051 1253 illo
1079 1206 1311 1254 solicitudo
1338 1207 1464 1256 inve-³

196 1278 260 1325 nit
276 1315 290 1336 ,
318 1280 526 1336 transeas,
554 1278 683 1342 ipfius
703 1280 926 1326 morosum
953 1278 1182 1342 imperium
1207 1280 1466 1329 delicatum*

196 1368 281 1414 que
308 1351 379 1398 est.
418 1353 486 1398 Ab
519 1354 632 1408 hoc,
660 1354 798 1399 modo
827 1369 971 1416 aequo
1001 1352 1149 1399 animo
1178 1354 1295 1410 exit,
1323 1358 1464 1403 modo

196 1441 356 1486 magno
387 1425 553 1486 profilit
574 1442 584 1471 :
606 1442 709 1479 nec,
743 1426 838 1489 quis
862 1424 1017 1472 deinde
1050 1425 1244 1489 reliquiis
1269 1428 1359 1475 eius
1391 1429 1464 1476 fu-

195 1508 311 1544 turus
330 1497 378 1543 fit
394 1498 530 1545 exitus
545 1531 558 1552 ‚
580 1498 760 1561 quaerit.
789 1499 873 1544 Sed
895 1511 943 1544 ut
961 1513 1015 1543 ex
1032 1498 1163 1544 barba
1189 1500 1368 1562 capillos
1385 1503 1461 1549 dc-

193 1571 343 1617 tonsos
373 1572 657 1636 negligimus:
682 1572 739 1618 ita
769 1572 837 1618 ille
869 1571 1043 1617 divinus
1078 1572 1245 1620 animus
1269 1575 1461 1637 egressua

192 1660 263 1689 rus
295 1644 544 1703 hominem,
563 1660 654 1707 quo
678 1644 1001 1705 receptaculum
1027 1643 1152 1690 suum
1182 1645 1460 1706 conferatur„

190 1716 300 1778 ignis
320 1716 426 1763 illud
449 1728 624 1774 exurat,
647 1733 700 1762 an
725 1715 840 1762 ferae
863 1714 1118 1773 distrahant,
1143 1733 1197 1762 an
1223 1729 1333 1764 terra
1352 1736 1460 1766 con-

189 1802 324 1852 tegat,
346 1805 437 1836 non
470 1789 605 1852 magis
634 1789 687 1835 ad
712 1789 752 1836 se
782 1788 943 1834 iudicat
967 1789 1180 1849 pertinere
1196 1824 1209 1845 ,
1236 1807 1366 1852 quam
1388 1793 1456 1839 se-

191 1862 351 1908 cundas
379 1862 432 1908 ad
457 1861 623 1909 editum
648 1859 868 1907 infantem.
898 1862 1057 1907 Utrum
1087 1861 1327 1923 proiectum
1356 1883 1458 1914 aves

190 1935 419 1993 differant,
448 1952 502 1981 an
530 1934 810 1982 consumatur

444 2043 618 2089 canibus
646 2045 747 2088 daca
760 2045 915 2103 praeda
939 2045 1114 2088 marinis
1131 2073 1147 2097 ,

190 2150 293 2212 quid
317 2150 373 2196 ad
399 2148 553 2196 illum?
585 2150 675 2210 Qui
701 2160 804 2196 tunc
826 2165 1031 2213 quoque,
1053 2167 1151 2195 cum
1180 2149 1457 2201 inter-homi-

190 2240 266 2269 nes
296 2223 386 2278 est,
422 2223 556 2270 nullas
597 2223 734 2269 minas
767 2222 926 2278 timet;
961 2223 1121 2270 ullasne
1155 2224 1326 2273 timebit
1360 2228 1457 2290 post

191 2311 379 2341 mortem
409 2295 547 2341 minas
569 2310 749 2351 eorum,
772 2295 931 2358 quibus
960 2296 1093 2359 usque
1115 2297 1167 2342 ad
1193 2312 1380 2347 mortem
1402 2302 1457 2347 ti-

190 2368 299 2414 meri
340 2386 490 2431 parum
528 2368 621 2415 est?
658 2371 763 2415 Non
795 2383 1018 2427 conteret,
1048 2371 1215 2433 inquit,
1243 2389 1340 2431 me,
1381 2393 1462 2425 nec

189 2459 348 2499 uncus,
368 2458 448 2492 nec
470 2441 654 2506 proiecti
682 2443 736 2490 ad
759 2443 1067 2493 contumeliam
1095 2445 1316 2493 cadaveris
1347 2447 1460 2498 lace-

1112 2519 1144 2565 Β
1161 2518 1188 2565 b
1223 2535 1248 2565 2
