<?xml version="1.0" encoding="UTF-8"?>
<!DOCTYPE html PUBLIC "-//W3C//DTD XHTML 1.0 Transitional//EN"
    "http://www.w3.org/TR/xhtml1/DTD/xhtml1-transitional.dtd">
<html xmlns="http://www.w3.org/1999/xhtml" xml:lang="en" lang="en">
 <head>
  <title>
</title>
<meta http-equiv="Content-Type" content="text/html;charset=utf-8" />
  <meta name='ocr-system' content='tesseract 3.04.00' />
  <meta name='ocr-capabilities' content='ocr_page ocr_carea ocr_par ocr_line ocrx_word'/>
</head>
<body>
  <div class='ocr_page' id='page_1' title='image "./lannaeisenecaeph03seneuoft_0219.png"; bbox 0 0 1807 3004; ppageno 0'>
   <div class='ocr_carea' id='block_1_1' title="bbox 0 0 79 3004">
    <p class='ocr_par' dir='ltr' id='par_1_1' title="bbox 0 0 79 3004">
     <span class='ocr_line' id='line_1_1' title="bbox 0 0 79 3004; baseline 0 0"><span class='ocrx_word' id='word_1_1' title='bbox 0 0 79 3004; x_wconf 95' lang='lat' dir='ltr'> </span> 
     </span>
    </p>
   </div>
   <div class='ocr_carea' id='block_1_2' title="bbox 547 233 1469 280">
    <p class='ocr_par' dir='ltr' id='par_1_2' title="bbox 547 233 1469 280">
     <span class='ocr_line' id='line_1_2' title="bbox 547 233 1469 280; baseline 0 -1"><span class='ocrx_word' id='word_1_2' title='bbox 547 233 1126 280; x_wconf 69' lang='lat' dir='ltr'><strong>EPISTO‘LAE.</strong></span> <span class='ocrx_word' id='word_1_3' title='bbox 1383 249 1469 279; x_wconf 82' lang='lat'>211</span> 
     </span>
    </p>
   </div>
   <div class='ocr_carea' id='block_1_3' title="bbox 203 336 1500 2646">
    <p class='ocr_par' dir='ltr' id='par_1_3' title="bbox 203 336 1500 2646">
     <span class='ocr_line' id='line_1_3' title="bbox 203 336 1479 402; baseline -0.002 -14"><span class='ocrx_word' id='word_1_4' title='bbox 203 353 316 388; x_wconf 82' lang='lat' dir='ltr'>aetas</span> <span class='ocrx_word' id='word_1_5' title='bbox 335 357 429 388; x_wconf 91' lang='lat' dir='ltr'>mea</span> <span class='ocrx_word' id='word_1_6' title='bbox 449 352 654 387; x_wconf 84' lang='lat' dir='ltr'>contenta</span> <span class='ocrx_word' id='word_1_7' title='bbox 675 339 735 385; x_wconf 90' lang='lat' dir='ltr'>est</span> <span class='ocrx_word' id='word_1_8' title='bbox 762 339 838 385; x_wconf 89' lang='lat' dir='ltr'>suo</span> <span class='ocrx_word' id='word_1_9' title='bbox 864 338 1024 402; x_wconf 77' lang='lat' dir='ltr'><strong>frigore</strong></span> <span class='ocrx_word' id='word_1_10' title='bbox 1046 354 1057 385; x_wconf 92' lang='lat'>:</span> <span class='ocrx_word' id='word_1_11' title='bbox 1081 337 1161 384; x_wconf 84' lang='lat' dir='ltr'>vix</span> <span class='ocrx_word' id='word_1_12' title='bbox 1183 336 1327 385; x_wconf 85' lang='lat' dir='ltr'>media</span> <span class='ocrx_word' id='word_1_13' title='bbox 1352 355 1479 402; x_wconf 86' lang='lat' dir='ltr'>rege-</span> 
     </span>
     <span class='ocr_line' id='line_1_4' title="bbox 203 409 1483 474; baseline -0.001 -17"><span class='ocrx_word' id='word_1_14' title='bbox 203 414 316 460; x_wconf 81' lang='lat' dir='ltr'>latur</span> <span class='ocrx_word' id='word_1_15' title='bbox 342 412 508 459; x_wconf 85' lang='lat' dir='ltr'>aestate.</span> <span class='ocrx_word' id='word_1_16' title='bbox 530 414 679 474; x_wconf 80' lang='lat' dir='ltr'>Itaque</span> <span class='ocrx_word' id='word_1_17' title='bbox 708 412 849 457; x_wconf 84' lang='lat' dir='ltr'>maior</span> <span class='ocrx_word' id='word_1_18' title='bbox 877 427 973 472; x_wconf 81' lang='lat' dir='ltr'>pars</span> <span class='ocrx_word' id='word_1_19' title='bbox 999 410 1044 455; x_wconf 88' lang='lat' dir='ltr'>in</span> <span class='ocrx_word' id='word_1_20' title='bbox 1064 409 1331 457; x_wconf 86' lang='lat' dir='ltr'>vestimentis</span> <span class='ocrx_word' id='word_1_21' title='bbox 1358 411 1483 473; x_wconf 83' lang='lat' dir='ltr'>(legi-</span> 
     </span>
     <span class='ocr_line' id='line_1_5' title="bbox 203 481 1483 546; baseline -0.002 -17"><span class='ocrx_word' id='word_1_22' title='bbox 203 496 285 530; x_wconf 85' lang='lat' dir='ltr'><strong>tur.</strong></span> <span class='ocrx_word' id='word_1_23' title='bbox 315 487 412 546; x_wconf 89' lang='lat' dir='ltr'>Ago</span> <span class='ocrx_word' id='word_1_24' title='bbox 439 483 590 545; x_wconf 77' lang='lat' dir='ltr'>gratias</span> <span class='ocrx_word' id='word_1_25' title='bbox 620 482 851 539; x_wconf 62' lang='lat' dir='ltr'>senectuti,</span> <span class='ocrx_word' id='word_1_26' title='bbox 885 481 1008 543; x_wconf 88' lang='lat' dir='ltr'>quod</span> <span class='ocrx_word' id='word_1_27' title='bbox 1040 497 1111 526; x_wconf 89' lang='lat' dir='ltr'>me</span> <span class='ocrx_word' id='word_1_28' title='bbox 1140 481 1300 527; x_wconf 58' lang='lat' dir='ltr'>lectulo</span> <span class='ocrx_word' id='word_1_29' title='bbox 1332 482 1483 530; x_wconf 69' lang='lat' dir='ltr'>affixit„</span> 
     </span>
     <span class='ocr_line' id='line_1_6' title="bbox 205 555 1484 619; baseline -0.001 -17"><span class='ocrx_word' id='word_1_30' title='bbox 205 556 377 617; x_wconf 88' lang='lat' dir='ltr'>Quidni</span> <span class='ocrx_word' id='word_1_31' title='bbox 408 556 562 619; x_wconf 78' lang='lat' dir='ltr'>gratias</span> <span class='ocrx_word' id='word_1_32' title='bbox 586 555 646 602; x_wconf 89' lang='lat' dir='ltr'>illi</span> <span class='ocrx_word' id='word_1_33' title='bbox 666 555 752 601; x_wconf 90' lang='lat' dir='ltr'>hoc</span> <span class='ocrx_word' id='word_1_34' title='bbox 772 555 952 600; x_wconf 84' lang='lat' dir='ltr'>nomine</span> <span class='ocrx_word' id='word_1_35' title='bbox 971 555 1129 616; x_wconf 84' lang='lat' dir='ltr'>agam?</span> <span class='ocrx_word' id='word_1_36' title='bbox 1163 555 1380 618; x_wconf 84' lang='lat' dir='ltr'>quidquid</span> <span class='ocrx_word' id='word_1_37' title='bbox 1404 556 1484 601; x_wconf 86' lang='lat' dir='ltr'>de-</span> 
     </span>
     <span class='ocr_line' id='line_1_7' title="bbox 203 627 1487 691; baseline -0.001 -16"><span class='ocrx_word' id='word_1_38' title='bbox 203 629 361 675; x_wconf 90' lang='lat' dir='ltr'>bebam</span> <span class='ocrx_word' id='word_1_39' title='bbox 386 629 527 685; x_wconf 86' lang='lat' dir='ltr'>nolle,</span> <span class='ocrx_word' id='word_1_40' title='bbox 557 644 644 673; x_wconf 89' lang='lat' dir='ltr'>non</span> <span class='ocrx_word' id='word_1_41' title='bbox 674 627 861 690; x_wconf 74' lang='lat' dir='ltr'>possum.</span> <span class='ocrx_word' id='word_1_42' title='bbox 898 627 1015 672; x_wconf 89' lang='lat' dir='ltr'>Cum</span> <span class='ocrx_word' id='word_1_43' title='bbox 1045 628 1195 674; x_wconf 81' lang='lat' dir='ltr'>libellis</span> <span class='ocrx_word' id='word_1_44' title='bbox 1217 629 1322 674; x_wconf 84' lang='lat' dir='ltr'>mihi</span> <span class='ocrx_word' id='word_1_45' title='bbox 1348 629 1487 691; x_wconf 82' lang='lat' dir='ltr'>pluri·</span> 
     </span>
     <span class='ocr_line' id='line_1_8' title="bbox 205 701 1488 765; baseline 0.001 -16"><span class='ocrx_word' id='word_1_46' title='bbox 205 719 301 749; x_wconf 87' lang='lat' dir='ltr'>mus</span> <span class='ocrx_word' id='word_1_47' title='bbox 319 703 461 749; x_wconf 88' lang='lat' dir='ltr'>sermo</span> <span class='ocrx_word' id='word_1_48' title='bbox 481 701 553 748; x_wconf 87' lang='lat' dir='ltr'>est.</span> <span class='ocrx_word' id='word_1_49' title='bbox 579 701 608 747; x_wconf 83' lang='lat' dir='ltr'>si</span> <span class='ocrx_word' id='word_1_50' title='bbox 630 703 807 765; x_wconf 87' lang='lat' dir='ltr'>quando</span> <span class='ocrx_word' id='word_1_51' title='bbox 824 701 1118 748; x_wconf 83' lang='lat' dir='ltr'>interveniunt</span> <span class='ocrx_word' id='word_1_52' title='bbox 1138 703 1344 764; x_wconf 83' lang='lat' dir='ltr'>epistolae</span> <span class='ocrx_word' id='word_1_53' title='bbox 1364 718 1488 758; x_wconf 84' lang='lat' dir='ltr'>tuae,</span> 
     </span>
     <span class='ocr_line' id='line_1_9' title="bbox 205 774 1490 833; baseline 0.005 -13"><span class='ocrx_word' id='word_1_54' title='bbox 205 785 348 832; x_wconf 84' lang='lat' dir='ltr'>tecum</span> <span class='ocrx_word' id='word_1_55' title='bbox 382 774 465 820; x_wconf 82' lang='lat' dir='ltr'>effe</span> <span class='ocrx_word' id='word_1_56' title='bbox 494 774 601 820; x_wconf 84' lang='lat' dir='ltr'>mihi</span> <span class='ocrx_word' id='word_1_57' title='bbox 629 775 816 820; x_wconf 88' lang='lat' dir='ltr'>videor:</span> <span class='ocrx_word' id='word_1_58' title='bbox 849 787 890 820; x_wconf 92' lang='lat' dir='ltr'>et</span> <span class='ocrx_word' id='word_1_59' title='bbox 918 774 974 821; x_wconf 87' lang='lat' dir='ltr'>fic</span> <span class='ocrx_word' id='word_1_60' title='bbox 995 774 1162 822; x_wconf 86' lang='lat' dir='ltr'>afficior</span> <span class='ocrx_word' id='word_1_61' title='bbox 1182 778 1357 833; x_wconf 83' lang='lat' dir='ltr'>anim0‚</span> <span class='ocrx_word' id='word_1_62' title='bbox 1389 792 1490 826; x_wconf 86' lang='lat' dir='ltr'>tan-</span> 
     </span>
     <span class='ocr_line' id='line_1_10' title="bbox 206 847 1489 916; baseline 0.005 -24"><span class='ocrx_word' id='word_1_63' title='bbox 206 864 336 909; x_wconf 86' lang='lat' dir='ltr'>quam</span> <span class='ocrx_word' id='word_1_64' title='bbox 367 848 448 894; x_wconf 91' lang='lat' dir='ltr'>tibi</span> <span class='ocrx_word' id='word_1_65' title='bbox 476 864 566 893; x_wconf 87' lang='lat' dir='ltr'>non</span> <span class='ocrx_word' id='word_1_66' title='bbox 603 847 833 894; x_wconf 74' lang='lat' dir='ltr'>rescribam</span> <span class='ocrx_word' id='word_1_67' title='bbox 852 882 864 904; x_wconf 93' lang='lat'>,</span> <span class='ocrx_word' id='word_1_68' title='bbox 903 848 973 893; x_wconf 89' lang='lat' dir='ltr'>sed</span> <span class='ocrx_word' id='word_1_69' title='bbox 1009 848 1310 911; x_wconf 73' lang='lat' dir='ltr'>respondeam.</span> <span class='ocrx_word' id='word_1_70' title='bbox 1341 854 1489 916; x_wconf 86' lang='lat' dir='ltr'>ltaque</span> 
     </span>
     <span class='ocr_line' id='line_1_11' title="bbox 207 920 1488 984; baseline 0.007 -19"><span class='ocrx_word' id='word_1_71' title='bbox 207 933 249 966; x_wconf 87' lang='lat' dir='ltr'>et</span> <span class='ocrx_word' id='word_1_72' title='bbox 281 921 334 966; x_wconf 92' lang='lat' dir='ltr'>de</span> <span class='ocrx_word' id='word_1_73' title='bbox 367 920 454 967; x_wconf 90' lang='lat' dir='ltr'>hoc</span> <span class='ocrx_word' id='word_1_74' title='bbox 489 923 612 984; x_wconf 89' lang='lat' dir='ltr'>quod</span> <span class='ocrx_word' id='word_1_75' title='bbox 647 922 851 984; x_wconf 85' lang='lat' dir='ltr'>quaeris,</span> <span class='ocrx_word' id='word_1_76' title='bbox 898 921 1013 984; x_wconf 85' lang='lat' dir='ltr'>quasi</span> <span class='ocrx_word' id='word_1_77' title='bbox 1050 922 1279 984; x_wconf 86' lang='lat' dir='ltr'>colloquar</span> <span class='ocrx_word' id='word_1_78' title='bbox 1312 936 1488 974; x_wconf 85' lang='lat' dir='ltr'>tecum:</span> 
     </span>
     <span class='ocr_line' id='line_1_12' title="bbox 209 994 1489 1055; baseline 0.005 -16"><span class='ocrx_word' id='word_1_79' title='bbox 209 994 336 1055; x_wconf 87' lang='lat' dir='ltr'>quale</span> <span class='ocrx_word' id='word_1_80' title='bbox 357 994 431 1051; x_wconf 83' lang='lat' dir='ltr'>sit,</span> <span class='ocrx_word' id='word_1_81' title='bbox 452 1011 537 1040; x_wconf 87' lang='lat' dir='ltr'>una</span> <span class='ocrx_word' id='word_1_82' title='bbox 558 994 854 1040; x_wconf 82' lang='lat' dir='ltr'>scrutabimur.</span> <span class='ocrx_word' id='word_1_83' title='bbox 874 994 1063 1053; x_wconf 81' lang='lat' dir='ltr'>Quaeris</span> <span class='ocrx_word' id='word_1_84' title='bbox 1086 1011 1138 1040; x_wconf 85' lang='lat' dir='ltr'>an</span> <span class='ocrx_word' id='word_1_85' title='bbox 1168 1012 1302 1044; x_wconf 90' lang='lat' dir='ltr'>omne</span> <span class='ocrx_word' id='word_1_86' title='bbox 1320 997 1489 1045; x_wconf 88' lang='lat' dir='ltr'>bonum</span> 
     </span>
     <span class='ocr_line' id='line_1_13' title="bbox 210 1066 1488 1133; baseline 0.003 -21"><span class='ocrx_word' id='word_1_87' title='bbox 210 1067 402 1129; x_wconf 82' lang='lat' dir='ltr'>optabile</span> <span class='ocrx_word' id='word_1_88' title='bbox 429 1066 489 1114; x_wconf 82' lang='lat' dir='ltr'>sit.</span> <span class='ocrx_word' id='word_1_89' title='bbox 516 1068 558 1113; x_wconf 79' lang='lat' dir='ltr'>Si</span> <span class='ocrx_word' id='word_1_90' title='bbox 579 1068 744 1113; x_wconf 84' lang='lat' dir='ltr'>bonum</span> <span class='ocrx_word' id='word_1_91' title='bbox 768 1066 852 1124; x_wconf 86' lang='lat' dir='ltr'>est,</span> <span class='ocrx_word' id='word_1_92' title='bbox 876 1067 1044 1131; x_wconf 84' lang='lat' dir='ltr'>inquis,</span> <span class='ocrx_word' id='word_1_93' title='bbox 1064 1066 1238 1114; x_wconf 87' lang='lat' dir='ltr'>fortiter</span> <span class='ocrx_word' id='word_1_94' title='bbox 1263 1070 1488 1133; x_wconf 86' lang='lat' dir='ltr'>torqueri,</span> 
     </span>
     <span class='ocr_line' id='line_1_14' title="bbox 209 1139 1492 1207; baseline 0.005 -23"><span class='ocrx_word' id='word_1_95' title='bbox 209 1152 252 1185; x_wconf 89' lang='lat' dir='ltr'>et</span> <span class='ocrx_word' id='word_1_96' title='bbox 270 1155 428 1201; x_wconf 86' lang='lat' dir='ltr'>magno</span> <span class='ocrx_word' id='word_1_97' title='bbox 450 1139 600 1186; x_wconf 90' lang='lat' dir='ltr'>animo</span> <span class='ocrx_word' id='word_1_98' title='bbox 621 1140 708 1198; x_wconf 90' lang='lat' dir='ltr'>uri,</span> <span class='ocrx_word' id='word_1_99' title='bbox 732 1152 774 1187; x_wconf 91' lang='lat' dir='ltr'>et</span> <span class='ocrx_word' id='word_1_100' title='bbox 795 1139 1009 1202; x_wconf 78' lang='lat' dir='ltr'>patienter</span> <span class='ocrx_word' id='word_1_101' title='bbox 1029 1155 1276 1204; x_wconf 83' lang='lat' dir='ltr'>aegrotare,</span> <span class='ocrx_word' id='word_1_102' title='bbox 1297 1144 1492 1207; x_wconf 84' lang='lat' dir='ltr'>sequitur</span> 
     </span>
     <span class='ocr_line' id='line_1_15' title="bbox 208 1212 1490 1275; baseline 0.006 -18"><span class='ocrx_word' id='word_1_103' title='bbox 208 1224 256 1258; x_wconf 84' lang='lat' dir='ltr'>ut</span> <span class='ocrx_word' id='word_1_104' title='bbox 277 1212 352 1258; x_wconf 84' lang='lat' dir='ltr'>ista</span> <span class='ocrx_word' id='word_1_105' title='bbox 370 1214 576 1275; x_wconf 85' lang='lat' dir='ltr'>optabilia</span> <span class='ocrx_word' id='word_1_106' title='bbox 601 1214 694 1262; x_wconf 78' lang='lat' dir='ltr'>sint,</span> <span class='ocrx_word' id='word_1_107' title='bbox 724 1215 830 1261; x_wconf 88' lang='lat' dir='ltr'>nihil</span> <span class='ocrx_word' id='word_1_108' title='bbox 853 1227 996 1262; x_wconf 85' lang='lat' dir='ltr'>autem</span> <span class='ocrx_word' id='word_1_109' title='bbox 1022 1216 1157 1263; x_wconf 86' lang='lat' dir='ltr'>video</span> <span class='ocrx_word' id='word_1_110' title='bbox 1187 1232 1241 1262; x_wconf 84' lang='lat' dir='ltr'>ex</span> <span class='ocrx_word' id='word_1_111' title='bbox 1263 1216 1350 1264; x_wconf 84' lang='lat' dir='ltr'>istis</span> <span class='ocrx_word' id='word_1_112' title='bbox 1375 1230 1490 1265; x_wconf 90' lang='lat' dir='ltr'>voto</span> 
     </span>
     <span class='ocr_line' id='line_1_16' title="bbox 211 1285 1491 1348; baseline 0.005 -18"><span class='ocrx_word' id='word_1_113' title='bbox 211 1285 403 1348; x_wconf 86' lang='lat' dir='ltr'>dignum.</span> <span class='ocrx_word' id='word_1_114' title='bbox 436 1286 668 1332; x_wconf 82' lang='lat' dir='ltr'>Neminem</span> <span class='ocrx_word' id='word_1_115' title='bbox 699 1300 814 1333; x_wconf 88' lang='lat' dir='ltr'>certe</span> <span class='ocrx_word' id='word_1_116' title='bbox 835 1287 976 1334; x_wconf 87' lang='lat' dir='ltr'>adhuc</span> <span class='ocrx_word' id='word_1_117' title='bbox 1001 1287 1091 1333; x_wconf 89' lang='lat' dir='ltr'>scio</span> <span class='ocrx_word' id='word_1_118' title='bbox 1119 1304 1175 1334; x_wconf 89' lang='lat' dir='ltr'>eo</span> <span class='ocrx_word' id='word_1_119' title='bbox 1198 1289 1380 1337; x_wconf 87' lang='lat' dir='ltr'>nomine</span> <span class='ocrx_word' id='word_1_120' title='bbox 1401 1307 1491 1336; x_wconf 92' lang='lat' dir='ltr'>vo-</span> 
     </span>
     <span class='ocr_line' id='line_1_17' title="bbox 211 1356 1491 1424; baseline 0.003 -21"><span class='ocrx_word' id='word_1_121' title='bbox 211 1371 302 1403; x_wconf 83' lang='lat' dir='ltr'>tum</span> <span class='ocrx_word' id='word_1_122' title='bbox 335 1356 538 1414; x_wconf 84' lang='lat' dir='ltr'>solviffe,</span> <span class='ocrx_word' id='word_1_123' title='bbox 567 1358 687 1421; x_wconf 86' lang='lat' dir='ltr'>quod</span> <span class='ocrx_word' id='word_1_124' title='bbox 713 1357 889 1421; x_wconf 86' lang='lat' dir='ltr'>flagellis</span> <span class='ocrx_word' id='word_1_125' title='bbox 914 1359 1057 1406; x_wconf 88' lang='lat' dir='ltr'>caesus</span> <span class='ocrx_word' id='word_1_126' title='bbox 1083 1359 1214 1416; x_wconf 73' lang='lat' dir='ltr'>esset,</span> <span class='ocrx_word' id='word_1_127' title='bbox 1247 1373 1318 1407; x_wconf 90' lang='lat' dir='ltr'>aut</span> <span class='ocrx_word' id='word_1_128' title='bbox 1347 1362 1491 1424; x_wconf 91' lang='lat' dir='ltr'>poda-</span> 
     </span>
     <span class='ocr_line' id='line_1_18' title="bbox 212 1431 1491 1498; baseline 0.005 -22"><span class='ocrx_word' id='word_1_129' title='bbox 212 1448 285 1494; x_wconf 82' lang='lat' dir='ltr'>gra</span> <span class='ocrx_word' id='word_1_130' title='bbox 308 1431 512 1477; x_wconf 87' lang='lat' dir='ltr'>distortus</span> <span class='ocrx_word' id='word_1_131' title='bbox 531 1467 542 1488; x_wconf 93' lang='lat'><strong>‚</strong></span> <span class='ocrx_word' id='word_1_132' title='bbox 563 1443 634 1478; x_wconf 81' lang='lat' dir='ltr'>aut</span> <span class='ocrx_word' id='word_1_133' title='bbox 651 1432 839 1494; x_wconf 87' lang='lat' dir='ltr'>equuleo</span> <span class='ocrx_word' id='word_1_134' title='bbox 856 1432 1034 1496; x_wconf 83' lang='lat' dir='ltr'>longior</span> <span class='ocrx_word' id='word_1_135' title='bbox 1062 1432 1211 1481; x_wconf 58' lang='lat' dir='ltr'>faetus.</span> <span class='ocrx_word' id='word_1_136' title='bbox 1234 1434 1491 1498; x_wconf 81' lang='lat' dir='ltr'>Distingue‚</span> 
     </span>
     <span class='ocr_line' id='line_1_19' title="bbox 213 1505 1491 1570; baseline 0.002 -20"><span class='ocrx_word' id='word_1_137' title='bbox 213 1506 272 1550; x_wconf 91' lang='lat' dir='ltr'>mi</span> <span class='ocrx_word' id='word_1_138' title='bbox 297 1505 460 1561; x_wconf 87' lang='lat' dir='ltr'>Lucili,</span> <span class='ocrx_word' id='word_1_139' title='bbox 493 1505 598 1560; x_wconf 71' lang='lat' dir='ltr'>ista,</span> <span class='ocrx_word' id='word_1_140' title='bbox 634 1519 677 1552; x_wconf 86' lang='lat' dir='ltr'>et</span> <span class='ocrx_word' id='word_1_141' title='bbox 704 1506 915 1569; x_wconf 80' lang='lat' dir='ltr'>intelliges</span> <span class='ocrx_word' id='word_1_142' title='bbox 943 1506 1026 1553; x_wconf 80' lang='lat' dir='ltr'>esse</span> <span class='ocrx_word' id='word_1_143' title='bbox 1053 1507 1097 1552; x_wconf 88' lang='lat' dir='ltr'>in</span> <span class='ocrx_word' id='word_1_144' title='bbox 1127 1507 1193 1553; x_wconf 85' lang='lat' dir='ltr'>his</span> <span class='ocrx_word' id='word_1_145' title='bbox 1215 1508 1377 1570; x_wconf 83' lang='lat' dir='ltr'>aliquid</span> <span class='ocrx_word' id='word_1_146' title='bbox 1404 1525 1491 1570; x_wconf 85' lang='lat' dir='ltr'>op-</span> 
     </span>
     <span class='ocr_line' id='line_1_20' title="bbox 212 1579 1489 1628; baseline 0.003 -4"><span class='ocrx_word' id='word_1_147' title='bbox 212 1579 405 1625; x_wconf 86' lang='lat' dir='ltr'>tandum.</span> <span class='ocrx_word' id='word_1_148' title='bbox 435 1580 678 1625; x_wconf 88' lang='lat' dir='ltr'>Tormenta</span> <span class='ocrx_word' id='word_1_149' title='bbox 704 1579 846 1626; x_wconf 71' lang='lat' dir='ltr'>abesse</span> <span class='ocrx_word' id='word_1_150' title='bbox 866 1598 889 1626; x_wconf 87' lang='lat' dir='ltr'>a</span> <span class='ocrx_word' id='word_1_151' title='bbox 913 1597 985 1626; x_wconf 89' lang='lat' dir='ltr'>me</span> <span class='ocrx_word' id='word_1_152' title='bbox 1015 1580 1178 1627; x_wconf 86' lang='lat' dir='ltr'>velim:</span> <span class='ocrx_word' id='word_1_153' title='bbox 1207 1581 1279 1628; x_wconf 92' lang='lat' dir='ltr'>sed</span> <span class='ocrx_word' id='word_1_154' title='bbox 1306 1581 1337 1627; x_wconf 90' lang='lat' dir='ltr'><strong>fi</strong></span> <span class='ocrx_word' id='word_1_155' title='bbox 1368 1582 1489 1628; x_wconf 88' lang='lat' dir='ltr'>susti-</span> 
     </span>
     <span class='ocr_line' id='line_1_21' title="bbox 214 1653 1493 1715; baseline 0.002 -16"><span class='ocrx_word' id='word_1_156' title='bbox 214 1655 353 1700; x_wconf 86' lang='lat' dir='ltr'>nenda</span> <span class='ocrx_word' id='word_1_157' title='bbox 374 1653 562 1713; x_wconf 84' lang='lat' dir='ltr'>fuerint,</span> <span class='ocrx_word' id='word_1_158' title='bbox 583 1667 629 1701; x_wconf 91' lang='lat' dir='ltr'>ut</span> <span class='ocrx_word' id='word_1_159' title='bbox 656 1673 726 1702; x_wconf 89' lang='lat' dir='ltr'>me</span> <span class='ocrx_word' id='word_1_160' title='bbox 755 1655 798 1700; x_wconf 91' lang='lat' dir='ltr'>in</span> <span class='ocrx_word' id='word_1_161' title='bbox 823 1654 903 1701; x_wconf 84' lang='lat' dir='ltr'>illis</span> <span class='ocrx_word' id='word_1_162' title='bbox 929 1653 1130 1712; x_wconf 89' lang='lat' dir='ltr'>fortiter,</span> <span class='ocrx_word' id='word_1_163' title='bbox 1158 1655 1365 1715; x_wconf 88' lang='lat' dir='ltr'>honeste,</span> <span class='ocrx_word' id='word_1_164' title='bbox 1397 1656 1493 1702; x_wconf 83' lang='lat' dir='ltr'>ani-</span> 
     </span>
     <span class='ocr_line' id='line_1_22' title="bbox 214 1728 1495 1792; baseline -0.001 -17"><span class='ocrx_word' id='word_1_165' title='bbox 214 1729 336 1775; x_wconf 83' lang='lat' dir='ltr'>mose</span> <span class='ocrx_word' id='word_1_166' title='bbox 361 1746 537 1792; x_wconf 87' lang='lat' dir='ltr'>geram,</span> <span class='ocrx_word' id='word_1_167' title='bbox 563 1729 746 1790; x_wconf 70' lang='lat' dir='ltr'>optabo.r</span> <span class='ocrx_word' id='word_1_168' title='bbox 777 1728 946 1789; x_wconf 82' lang='lat' dir='ltr'>Quidni</span> <span class='ocrx_word' id='word_1_169' title='bbox 978 1745 1062 1791; x_wconf 85' lang='lat' dir='ltr'>ego</span> <span class='ocrx_word' id='word_1_170' title='bbox 1089 1728 1235 1774; x_wconf 85' lang='lat' dir='ltr'>malim</span> <span class='ocrx_word' id='word_1_171' title='bbox 1265 1743 1356 1774; x_wconf 85' lang='lat' dir='ltr'>non</span> <span class='ocrx_word' id='word_1_172' title='bbox 1380 1728 1495 1775; x_wconf 83' lang='lat' dir='ltr'>inci-</span> 
     </span>
     <span class='ocr_line' id='line_1_23' title="bbox 213 1799 1493 1859; baseline -0.003 -9"><span class='ocrx_word' id='word_1_173' title='bbox 213 1805 316 1851; x_wconf 85' lang='lat' dir='ltr'>dere</span> <span class='ocrx_word' id='word_1_174' title='bbox 333 1803 524 1850; x_wconf 82' lang='lat' dir='ltr'>bellum?</span> <span class='ocrx_word' id='word_1_175' title='bbox 546 1803 616 1849; x_wconf 89' lang='lat' dir='ltr'>sed</span> <span class='ocrx_word' id='word_1_176' title='bbox 636 1803 663 1847; x_wconf 79' lang='lat' dir='ltr'>fi</span> <span class='ocrx_word' id='word_1_177' title='bbox 683 1801 909 1859; x_wconf 88' lang='lat' dir='ltr'>inciderit,</span> <span class='ocrx_word' id='word_1_178' title='bbox 943 1814 990 1848; x_wconf 90' lang='lat' dir='ltr'>ut</span> <span class='ocrx_word' id='word_1_179' title='bbox 1008 1801 1189 1848; x_wconf 87' lang='lat' dir='ltr'>vulnera</span> <span class='ocrx_word' id='word_1_180' title='bbox 1202 1836 1215 1859; x_wconf 93' lang='lat'>‚</span> <span class='ocrx_word' id='word_1_181' title='bbox 1233 1814 1279 1848; x_wconf 86' lang='lat' dir='ltr'>ut</span> <span class='ocrx_word' id='word_1_182' title='bbox 1299 1799 1460 1847; x_wconf 86' lang='lat' dir='ltr'>famem</span> <span class='ocrx_word' id='word_1_183' title='bbox 1477 1834 1493 1857; x_wconf 92' lang='lat'>,</span> 
     </span>
     <span class='ocr_line' id='line_1_24' title="bbox 214 1873 1496 1938; baseline -0.001 -16"><span class='ocrx_word' id='word_1_184' title='bbox 214 1889 256 1923; x_wconf 88' lang='lat' dir='ltr'>et</span> <span class='ocrx_word' id='word_1_185' title='bbox 285 1877 433 1922; x_wconf 88' lang='lat' dir='ltr'>omnia</span> <span class='ocrx_word' id='word_1_186' title='bbox 452 1892 564 1938; x_wconf 88' lang='lat' dir='ltr'>quae</span> <span class='ocrx_word' id='word_1_187' title='bbox 583 1876 800 1921; x_wconf 88' lang='lat' dir='ltr'>bellorum</span> <span class='ocrx_word' id='word_1_188' title='bbox 828 1873 1047 1922; x_wconf 85' lang='lat' dir='ltr'>neceffitas</span> <span class='ocrx_word' id='word_1_189' title='bbox 1064 1873 1167 1931; x_wconf 89' lang='lat' dir='ltr'>fert,</span> <span class='ocrx_word' id='word_1_190' title='bbox 1197 1874 1405 1936; x_wconf 85' lang='lat' dir='ltr'>generose</span> <span class='ocrx_word' id='word_1_191' title='bbox 1424 1874 1496 1922; x_wconf 90' lang='lat' dir='ltr'>fe-</span> 
     </span>
     <span class='ocr_line' id='line_1_25' title="bbox 215 1948 1497 2011; baseline 0.002 -16"><span class='ocrx_word' id='word_1_192' title='bbox 215 1967 305 1995; x_wconf 88' lang='lat' dir='ltr'>ram</span> <span class='ocrx_word' id='word_1_193' title='bbox 325 1984 338 2005; x_wconf 94' lang='lat'>,</span> <span class='ocrx_word' id='word_1_194' title='bbox 363 1949 543 2011; x_wconf 87' lang='lat' dir='ltr'>optabo.</span> <span class='ocrx_word' id='word_1_195' title='bbox 578 1950 683 1995; x_wconf 86' lang='lat' dir='ltr'>Non</span> <span class='ocrx_word' id='word_1_196' title='bbox 710 1948 803 1994; x_wconf 90' lang='lat' dir='ltr'>sum</span> <span class='ocrx_word' id='word_1_197' title='bbox 835 1961 922 1994; x_wconf 87' lang='lat' dir='ltr'>tam</span> <span class='ocrx_word' id='word_1_198' title='bbox 954 1948 1131 1994; x_wconf 86' lang='lat' dir='ltr'>demens</span> <span class='ocrx_word' id='word_1_199' title='bbox 1149 1983 1164 2003; x_wconf 90' lang='lat'>,</span> <span class='ocrx_word' id='word_1_200' title='bbox 1194 1960 1243 1992; x_wconf 83' lang='lat' dir='ltr'>ut</span> <span class='ocrx_word' id='word_1_201' title='bbox 1270 1962 1497 2010; x_wconf 75' lang='lat' dir='ltr'>aegrotare</span> 
     </span>
     <span class='ocr_line' id='line_1_26' title="bbox 218 2019 1498 2085; baseline 0.002 -18"><span class='ocrx_word' id='word_1_202' title='bbox 218 2019 387 2082; x_wconf 82' lang='lat' dir='ltr'>cupiam</span> <span class='ocrx_word' id='word_1_203' title='bbox 408 2037 418 2064; x_wconf 78' lang='grc' dir='ltr'>ε</span> <span class='ocrx_word' id='word_1_204' title='bbox 439 2019 511 2065; x_wconf 91' lang='lat' dir='ltr'>sed</span> <span class='ocrx_word' id='word_1_205' title='bbox 529 2019 558 2064; x_wconf 90' lang='lat' dir='ltr'>fi</span> <span class='ocrx_word' id='word_1_206' title='bbox 578 2020 887 2083; x_wconf 83' lang='lat' dir='ltr'>aegrotandum</span> <span class='ocrx_word' id='word_1_207' title='bbox 910 2020 1065 2077; x_wconf 85' lang='lat' dir='ltr'>fuerit,</span> <span class='ocrx_word' id='word_1_208' title='bbox 1083 2035 1128 2066; x_wconf 90' lang='lat' dir='ltr'>ut</span> <span class='ocrx_word' id='word_1_209' title='bbox 1148 2019 1255 2065; x_wconf 85' lang='lat' dir='ltr'>nihil</span> <span class='ocrx_word' id='word_1_210' title='bbox 1281 2020 1498 2085; x_wconf 87' lang='lat' dir='ltr'>intempe-</span> 
     </span>
     <span class='ocr_line' id='line_1_27' title="bbox 219 2090 1495 2153; baseline 0.003 -16"><span class='ocrx_word' id='word_1_211' title='bbox 219 2104 386 2148; x_wconf 83' lang='lat' dir='ltr'>ranter,</span> <span class='ocrx_word' id='word_1_212' title='bbox 413 2090 517 2135; x_wconf 85' lang='lat' dir='ltr'>nihil</span> <span class='ocrx_word' id='word_1_213' title='bbox 546 2091 793 2138; x_wconf 85' lang='lat' dir='ltr'>effeminate</span> <span class='ocrx_word' id='word_1_214' title='bbox 822 2090 975 2137; x_wconf 87' lang='lat' dir='ltr'>faciam</span> <span class='ocrx_word' id='word_1_215' title='bbox 993 2127 1005 2148; x_wconf 89' lang='lat'><strong>‚</strong></span> <span class='ocrx_word' id='word_1_216' title='bbox 1027 2092 1207 2153; x_wconf 73' lang='lat' dir='ltr'>optabo,</span> <span class='ocrx_word' id='word_1_217' title='bbox 1235 2093 1296 2137; x_wconf 89' lang='lat' dir='ltr'>lta</span> <span class='ocrx_word' id='word_1_218' title='bbox 1316 2109 1405 2139; x_wconf 87' lang='lat' dir='ltr'>non</span> <span class='ocrx_word' id='word_1_219' title='bbox 1425 2095 1495 2141; x_wconf 89' lang='lat' dir='ltr'>in-</span> 
     </span>
     <span class='ocr_line' id='line_1_28' title="bbox 219 2163 1498 2226; baseline 0.004 -16"><span class='ocrx_word' id='word_1_220' title='bbox 219 2164 457 2210; x_wconf 81' lang='lat' dir='ltr'>commoda</span> <span class='ocrx_word' id='word_1_221' title='bbox 477 2163 681 2226; x_wconf 86' lang='lat' dir='ltr'>optabilia</span> <span class='ocrx_word' id='word_1_222' title='bbox 715 2164 831 2221; x_wconf 88' lang='lat' dir='ltr'>sunt,</span> <span class='ocrx_word' id='word_1_223' title='bbox 864 2164 934 2209; x_wconf 76' lang='lat' dir='ltr'>sed</span> <span class='ocrx_word' id='word_1_224' title='bbox 954 2164 1089 2211; x_wconf 83' lang='lat' dir='ltr'>virtus</span> <span class='ocrx_word' id='word_1_225' title='bbox 1117 2181 1200 2226; x_wconf 86' lang='lat' dir='ltr'>qua</span> <span class='ocrx_word' id='word_1_226' title='bbox 1222 2164 1498 2226; x_wconf 80' lang='lat' dir='ltr'>perferuntur</span> 
     </span>
     <span class='ocr_line' id='line_1_29' title="bbox 218 2236 1497 2297; baseline 0.004 -14"><span class='ocrx_word' id='word_1_227' title='bbox 218 2237 520 2284; x_wconf 84' lang='lat' dir='ltr'>incommoda.</span> <span class='ocrx_word' id='word_1_228' title='bbox 547 2236 736 2297; x_wconf 82' lang='lat' dir='ltr'>Quidam</span> <span class='ocrx_word' id='word_1_229' title='bbox 758 2253 811 2281; x_wconf 75' lang='lat' dir='ltr'>ex</span> <span class='ocrx_word' id='word_1_230' title='bbox 833 2236 987 2283; x_wconf 83' lang='lat' dir='ltr'>nostris</span> <span class='ocrx_word' id='word_1_231' title='bbox 1007 2236 1276 2296; x_wconf 83' lang='lat' dir='ltr'>existimant,</span> <span class='ocrx_word' id='word_1_232' title='bbox 1308 2240 1497 2288; x_wconf 81' lang='lat' dir='ltr'>omnino</span> 
     </span>
     <span class='ocr_line' id='line_1_30' title="bbox 218 2308 1499 2373; baseline 0.003 -18"><span class='ocrx_word' id='word_1_233' title='bbox 218 2311 467 2371; x_wconf 81' lang='lat' dir='ltr'>asperorum</span> <span class='ocrx_word' id='word_1_234' title='bbox 501 2308 661 2355; x_wconf 89' lang='lat' dir='ltr'>fortem</span> <span class='ocrx_word' id='word_1_235' title='bbox 693 2309 967 2354; x_wconf 82' lang='lat' dir='ltr'>tolerantiam</span> <span class='ocrx_word' id='word_1_236' title='bbox 1000 2326 1091 2355; x_wconf 88' lang='lat' dir='ltr'>non</span> <span class='ocrx_word' id='word_1_237' title='bbox 1117 2310 1203 2356; x_wconf 81' lang='lat' dir='ltr'>effe</span> <span class='ocrx_word' id='word_1_238' title='bbox 1229 2312 1466 2372; x_wconf 87' lang='lat' dir='ltr'>optabilem</span> <span class='ocrx_word' id='word_1_239' title='bbox 1484 2350 1499 2373; x_wconf 90' lang='lat'>,</span> 
     </span>
     <span class='ocr_line' id='line_1_31' title="bbox 218 2380 1494 2447; baseline 0.005 -21"><span class='ocrx_word' id='word_1_240' title='bbox 218 2381 290 2427; x_wconf 87' lang='lat' dir='ltr'>sed</span> <span class='ocrx_word' id='word_1_241' title='bbox 318 2397 397 2427; x_wconf 89' lang='lat' dir='ltr'>nec</span> <span class='ocrx_word' id='word_1_242' title='bbox 435 2380 771 2426; x_wconf 87' lang='lat' dir='ltr'>abominandam</span> <span class='ocrx_word' id='word_1_243' title='bbox 805 2381 984 2444; x_wconf 85' lang='lat' dir='ltr'>quidem</span> <span class='ocrx_word' id='word_1_244' title='bbox 1016 2399 1027 2428; x_wconf 91' lang='lat'>:</span> <span class='ocrx_word' id='word_1_245' title='bbox 1059 2382 1156 2443; x_wconf 80' lang='lat' dir='ltr'>quia</span> <span class='ocrx_word' id='word_1_246' title='bbox 1190 2398 1302 2430; x_wconf 85' lang='lat' dir='ltr'>voto</span> <span class='ocrx_word' id='word_1_247' title='bbox 1336 2403 1494 2447; x_wconf 80' lang='lat' dir='ltr'>purum</span> 
     </span>
     <span class='ocr_line' id='line_1_32' title="bbox 219 2453 1496 2517; baseline 0.006 -17"><span class='ocrx_word' id='word_1_248' title='bbox 219 2454 384 2500; x_wconf 84' lang='lat' dir='ltr'>bonum</span> <span class='ocrx_word' id='word_1_249' title='bbox 402 2453 492 2517; x_wconf 87' lang='lat' dir='ltr'>peti</span> <span class='ocrx_word' id='word_1_250' title='bbox 514 2453 656 2511; x_wconf 88' lang='lat' dir='ltr'>debet,</span> <span class='ocrx_word' id='word_1_251' title='bbox 676 2469 718 2500; x_wconf 90' lang='lat' dir='ltr'>et</span> <span class='ocrx_word' id='word_1_252' title='bbox 738 2455 1038 2516; x_wconf 82' lang='lat' dir='ltr'>tranquillum,</span> <span class='ocrx_word' id='word_1_253' title='bbox 1057 2469 1099 2502; x_wconf 86' lang='lat' dir='ltr'>et</span> <span class='ocrx_word' id='word_1_254' title='bbox 1117 2471 1238 2502; x_wconf 80' lang='lat' dir='ltr'>extra</span> <span class='ocrx_word' id='word_1_255' title='bbox 1255 2459 1496 2508; x_wconf 75' lang='lat' dir='ltr'>molestiam</span> 
     </span>
     <span class='ocr_line' id='line_1_33' title="bbox 220 2523 1500 2589; baseline 0.005 -19"><span class='ocrx_word' id='word_1_256' title='bbox 220 2523 423 2586; x_wconf 67' lang='lat' dir='ltr'>positum.</span> <span class='ocrx_word' id='word_1_257' title='bbox 454 2527 547 2589; x_wconf 84' lang='lat' dir='ltr'>Ego</span> <span class='ocrx_word' id='word_1_258' title='bbox 582 2525 798 2572; x_wconf 71' lang='lat' dir='ltr'>dissentio.</span> <span class='ocrx_word' id='word_1_259' title='bbox 832 2525 1008 2586; x_wconf 77' lang='lat' dir='ltr'>Quare?</span> <span class='ocrx_word' id='word_1_260' title='bbox 1048 2527 1237 2589; x_wconf 72' lang='lat' dir='ltr'>primum</span> <span class='ocrx_word' id='word_1_261' title='bbox 1274 2531 1375 2589; x_wconf 56' lang='lat' dir='ltr'>&lt;guia</span> <span class='ocrx_word' id='word_1_262' title='bbox 1406 2533 1500 2580; x_wconf 70' lang='lat' dir='ltr'>fieri</span> 
     </span>
     <span class='ocr_line' id='line_1_34' title="bbox 1197 2600 1304 2646; baseline -0.009 0"><span class='ocrx_word' id='word_1_263' title='bbox 1197 2600 1240 2646; x_wconf 78' lang='lat' dir='ltr'>O</span> <span class='ocrx_word' id='word_1_264' title='bbox 1280 2617 1304 2645; x_wconf 78' lang='lat'>2</span> 
     </span>
    </p>
   </div>
  </div>
 </body>
</html>
