1807 3004
541 191 1122 238 EPISTOLAE.
1411 192 1474 254 69

198 297 306 361 quin
329 297 506 343 sordido
530 297 572 343 se
599 310 642 345 et
668 295 989 344 contumelioso
1020 295 1171 342 labore
1201 312 1293 342 non
1325 308 1476 344 conte-²

200 385 287 429 ret,
317 389 396 419 nec
419 373 462 417 in
486 372 671 434 negotiis
690 371 772 418 erit
803 371 963 434 negotii
996 370 1132 416 causa.
1166 371 1234 415 Ne
1253 370 1355 414 illud
1376 370 1476 431 qui-

197 446 326 501 dem,
349 446 473 506 quod
499 445 714 491 existimas
740 463 838 491 eum
870 444 1085 489 faciurum
1103 479 1116 501 ,
1142 444 1292 498 faciet,
1318 455 1366 487 ut
1386 459 1479 488 arn-

200 517 365 562 bitiofis
390 519 518 562 rebus
541 516 802 578 implicitus,
827 532 973 561 earum
995 515 1163 577 semper
1192 514 1327 560 aestus
1351 512 1482 560 ferat.

199 589 281 633 Sed
317 606 414 635 curn
455 589 612 634 viderit
652 589 803 635 brevia
849 589 892 633 in
926 589 1085 650 quibus
1116 588 1336 635 volutatur
1360 623 1374 645 ‚
1409 588 1480 632 ina

198 674 342 715 certa,
372 661 604 724 ancipitia:
632 674 795 722 repetet
827 660 1010 723 pedem,
1035 677 1115 706 nec
1146 671 1285 706 vertet
1318 672 1441 722 terga
1461 674 1479 713 ;Ἴ

196 735 265 780 fed
297 735 446 780 sensim
478 734 652 781 recedet
677 734 722 778 in
760 745 915 779 tutum.
953 733 1096 778 Facile
1121 731 1180 777 est
1209 747 1352 778 autem
1372 767 1385 786 ‚
1420 730 1481 776 mi

200 807 335 852 Lucili
353 839 367 860 ‚
389 806 705 867 occupationes
732 806 920 851 evadere
937 840 949 861 ‚
968 804 999 849 fi
1018 803 1361 865 occupationum
1380 820 1480 865 pre-

196 877 255 921 tia
299 876 593 924 contemseris.
638 877 707 921 {lla
742 877 870 931 sunt,
907 892 1018 937 quae
1054 891 1135 921 nos
1178 887 1405 920 morantur
1440 886 1482 920 et

198 949 405 997 detinent.
446 950 568 1009 Quid
601 949 740 1013 ergo?
772 964 860 995 ram
892 949 1044 1010 longas
1080 947 1173 1010 spes
1209 947 1480 1010 relinquam?

197 1025 252 1069 ab
284 1025 370 1085 ipsa
406 1026 537 1071 meffe
575 1024 821 1070 discedam?
854 1025 1016 1086 nudum
1053 1024 1135 1068 erit
1172 1022 1309 1069 latus?
1352 1023 1482 1070 incon:

199 1097 348 1142 mirata
375 1098 554 1144 lectica?
583 1098 740 1143 atrium
772 1097 995 1144 vacuum?
1021 1097 1086 1141 Ab
1119 1095 1185 1143 his
1210 1113 1320 1159 ergo
1354 1094 1483 1142 inviti

197 1169 398 1216 homines
418 1172 648 1226 recedunt,
680 1182 722 1216 et
740 1173 986 1217 mercedem
1017 1170 1286 1216 miseriarum
1310 1181 1482 1226 amant,

197 1241 307 1303 ipsas
342 1256 615 1290 execrantur.
652 1243 721 1290 Sic
752 1244 806 1289 de
841 1242 1116 1298 ambitione,
1154 1243 1386 1301 quomodo
1428 1243 1483 1288 de

200 1316 339 1361 amica
366 1330 606 1378 queruntur
632 1334 643 1362 ε
672 1316 716 1361 id
743 1316 827 1373 est,
858 1315 886 1361 fi
918 1332 1070 1361 veru-m
1097 1315 1294 1362 affeihim
1326 1332 1480 1362 eorum

196 1386 424 1450 inspicias,
457 1406 548 1434 non
577 1390 794 1443 oderunt,
832 1388 904 1434 sed
932 1389 1115 1452 litigant.
1153 1391 1322 1435 Excute
1351 1387 1482 1444 istos,

198 1461 275 1523 qui
311 1478 420 1523 quae
454 1463 630 1522 cupiere
653 1496 665 1518 ,
696 1461 952 1522 deplorant,
989 1474 1031 1507 et
1068 1461 1122 1508 de
1156 1478 1302 1508 earum
1336 1476 1483 1507 rerum

195 1533 437 1595 loquuntur
469 1534 574 1598 fuga
597 1571 611 1592 ‚
654 1535 809 1598 quibus
846 1552 993 1582 carere
1028 1551 1120 1581 non
1155 1535 1332 1598 poffunt
1365 1552 1376 1580 t
1411 1534 1485 1582 vi·

195 1605 317 1652 debis
356 1608 652 1654 voluntariam
694 1608 777 1655 effe
813 1608 895 1655 illis
934 1609 978 1654 in
1010 1625 1065 1654 eo
1105 1625 1310 1665 moram,
1358 1607 1481 1671 quod

195 1694 322 1741 aegre
346 1678 459 1726 ferre
489 1681 606 1743 ipsos
638 1693 680 1726 et
709 1680 887 1737 misere,
922 1681 1175 1744 loquuntur.
1213 1684 1270 1727 Ita
1298 1681 1358 1728 est
1378 1717 1391 1739 ‚
1420 1681 1481 1728 mi

196 1751 370 1808 Lucili,
407 1769 572 1814 paucos
603 1753 816 1809 servitus,
860 1755 1008 1816 plures
1038 1754 1289 1803 servitutem
1320 1765 1480 1802 tenent·-

196 1823 280 1868 sed
306 1822 333 1867 fi
360 1824 581 1886 deponere
601 1825 716 1871 illam
737 1826 782 1871 in
802 1826 951 1873 animo
976 1826 1037 1873 est
1055 1863 1069 1884 ‚
1102 1843 1145 1874 et
1166 1827 1337 1873 libertas
1362 1827 1482 1874 bona

198 1896 284 1942 fide
311 1898 471 1960 placuit
498 1900 578 1945 :in
605 1900 693 1945 hoc
714 1912 860 1946 autem
882 1917 1017 1946 unum
1042 1901 1379 1947 advocationem
1401 1917 1481 1964 pe*

196 1969 288 2027 tis,
313 1982 359 2016 ut
386 1969 474 2018 fine
495 1968 705 2035 perpetua
725 1972 998 2019 solicitudine
1029 1974 1075 2020 id
1106 1974 1185 2020 tibi
1207 1967 1348 2037 facere
1369 1990 1483 2020 con·-

194 2045 548 2108 tingat·:·quidni
577 2063 618 2093 te
647 2058 735 2093 tota
764 2047 932 2094 cohors*
950 2047 1205 2094 Stoicorum
1242 2048 1477 2110 probatura

195 2115 278 2161 fit?
300 2118 470 2163 Omnes
494 2118 694 2163 Zenones
717 2129 760 2163 et
785 2117 1025 2181 Chryfippi
1056 2119 1303 2175 moderata,
1331 2132 1374 2167 et
1395 2120 1480 2166 ho-

195 2189 339 2245 nesta,
368 2201 419 2236 et·
431 2207 533 2237 vera
564 2190 814 2236 suadebunt.
847 2191 931 2236 Sed
963 2189 992 2236 fi
1025 2203 1205 2253 propter
1226 2192 1313 2240 hoc
1346 2192 1481 2256 tergi-

193 2262 376 2309 versaris
391 2297 404 2319 ‚
423 2275 469 2308 ut
488 2262 808 2324 circumspicias
821 2295 837 2316 ‚
867 2274 1074 2326 quantum
1096 2263 1207 2311 feras
1224 2277 1369 2313 tecum
1389 2301 1402 2323 ,
1436 2281 1479 2313 et

194 2349 325 2396 quam
346 2349 500 2396 magna
527 2333 710 2395 pecunia
732 2332 911 2381 instruas
937 2336 1082 2381 otium
1105 2353 1358 2398 :nunquam
1385 2336 1480 2383 exi-

191 2417 289 2452 tum
308 2405 518 2453 invenies.
545 2406 692 2452 Nemo
714 2423 813 2451 cum
836 2405 1011 2453 sarcinis
1029 2420 1181 2454 enatat.
1206 2410 1392 2472 Emerge
1422 2409 1478 2456 ad

192 2478 422 2526 meliorem
448 2477 598 2535 vitam,
617 2477 818 2541 propitiis
839 2479 939 2527 diis,
953 2479 1025 2527 sed
1040 2496 1132 2527 non
1150 2479 1221 2537 fic,
1241 2481 1481 2544 quomodo.

1141 2554 1179 2600 E
1216 2570 1238 2613 3
