1797 2956
253 175 347 238 364
511 175 559 222 n
608 173 901 221 ANNAEI
950 173 1305 233 SENECAE

256 284 331 337 cui
356 283 506 329 omnia
531 283 636 329 olim
661 297 865 345 tanquam
892 284 1019 330 servo
1039 284 1388 346 praestabantur,⁴
1420 302 1535 334 nunc

257 369 465 418 tanquam
508 356 695 401 domino
725 368 942 417 parantur.
968 359 1115 419 ltaque
1147 357 1248 404 hinc
1283 371 1538 417 textorum,

257 426 363 474 hinc
381 428 605 474 fabrorum
632 428 834 475 officinae
859 429 983 485 sunt,
1015 429 1118 476 hinc
1146 430 1308 478 odores
1341 448 1537 494 coquen-

258 499 392 557 tium,
418 501 521 547 binc
542 500 696 548 molles
721 503 923 564 corporis
940 515 1086 550 motus
1113 503 1394 562 docentium,
1422 505 1539 551 mol-

258 573 410 637 lesque
445 589 596 621 cantus
630 589 673 621 et
700 575 919 624 infraftos.
954 577 1143 624 Recessit
1170 578 1286 626 enim
1313 579 1385 626 ille
1410 592 1537 626 natu-

263 647 361 693 ralis
391 648 548 695 modus
567 685 580 706 ‚
612 649 818 696 desideria
847 666 935 711 ope
971 650 1204 696 necessaria
1233 650 1421 699 finiens:
1451 653 1539 698 iam

263 719 512 768 rusticitatis
542 733 584 769 et
619 723 816 770 miseriae
845 724 906 771 est
928 760 941 782 ‚
977 724 1090 771 velle
1124 737 1334 786 quantum
1374 726 1434 773 sat
1465 726 1541 773 est„

262 795 526 842 Incredibile
556 795 615 841 est
634 831 647 851 ,
674 797 736 844 mi
765 798 929 851 Lucili,
958 814 1091 861 quam
1121 797 1251 844 facile
1284 799 1414 845 etiam
1447 817 1544 846 ma-

266 884 379 931 gnos
398 869 521 916 viros
553 870 744 917 dulcedo
771 870 983 918 orationis
1016 872 1204 919 abducat
1229 889 1252 918 a
1275 890 1401 919 vero.
1438 875 1548 920 Ecce

267 939 532 989 Posidonius
547 975 562 996 ‚
594 956 642 989 ut
662 960 758 989 mea
778 942 861 990 fert
887 944 1069 1004 opinio,
1084 961 1197 991 unus
1221 962 1274 991 ex
1291 945 1340 992 iis
1357 945 1431 1009 qui
1452 947 1549 1008 plu-

269 1013 432 1061 rimum
460 1016 763 1079 philosophiae
796 1019 1108 1073 contulerunt,
1137 1018 1240 1064 dum
1270 1020 1364 1066 vult
1385 1017 1549 1065 descri-

269 1087 375 1134 bere
403 1089 620 1151 primum,
645 1091 1018 1153 quemadmodum
1043 1092 1121 1138 alia
1147 1104 1434 1155 torqueantur
1455 1091 1521 1138 fila
1536 1128 1558 1150 ,,

270 1161 354 1208 alia
379 1179 435 1209 ex
462 1164 587 1209 molli
618 1162 853 1226 solutoque
881 1164 1096 1210 ducantur
1119 1182 1130 1211 ε
1159 1164 1315 1211 deinde
1339 1167 1551 1228 quemad-

274 1238 462 1283 modum
482 1237 565 1284 tela
591 1237 796 1298 suspemis
819 1237 1088 1299 ponderibus
1105 1240 1270 1284 rectum
1295 1237 1459 1285 stamen
1477 1256 1557 1285 ex-

274 1311 427 1357 tendat
446 1341 461 1364 ,
485 1310 863 1374 quemadmodum
895 1309 1121 1356 subtemen
1157 1310 1364 1357 insertum
1386 1343 1400 1367 ,
1435 1311 1558 1374 quod

274 1383 481 1430 duritiam
508 1383 732 1446 utrimque
759 1382 1095 1444 comprimentis
1121 1398 1285 1429 tramae
1310 1384 1559 1440 remolliat,

277 1458 396 1519 spata
415 1455 535 1504 coire
558 1467 773 1518 cogantur
801 1466 845 1501 et
868 1454 990 1518 iungi
1011 1472 1021 1500 :
1041 1456 1278 1502 textricum
1306 1474 1483 1521 quoque
1500 1475 1565 1504 ar⁴

278 1542 368 1577 tem
403 1547 427 1576 a
455 1529 716 1592 sapientibus
749 1527 840 1574 dixi
871 1526 1116 1584 inventam,
1141 1529 1302 1577 oblitus
1322 1530 1470 1594 postea
1489 1547 1562 1578 re-

279 1616 457 1668 pertum
486 1603 575 1648 hoc
602 1600 796 1648 subtilius
823 1616 982 1664 genus,
1014 1601 1058 1646 in
1090 1618 1181 1664 quo

350 1738 451 1782 Tela
479 1737 572 1797 iugo
603 1734 744 1779 izmc‘Za
766 1735 841 1796 est,
853 1735 1017 1800 stamen
1031 1735 1203 1792 secernit
1223 1737 1397 1781 arundo.

347 1819 548 1878 Inseritur
573 1819 746 1862 medium
771 1818 906 1862 radiis
915 1818 1126 1876 subtemen
1152 1818 1283 1861 acutis
1297 1852 1311 1873 ‚

354 1903 484 1962 Quod
499 1904 585 1945 lato
596 1900 756 1960 feriunt
785 1901 920 1960 infic‘t'i
935 1900 1088 1960 pec‘line
1107 1901 1259 1945 dentis.

285 2025 412 2086 Quid
436 2024 467 2071 fi
492 2023 741 2088 contigisset
760 2023 821 2070 illi
845 2023 996 2070 videre
1020 2024 1096 2070 has
1121 2021 1254 2069 nostri
1278 2022 1490 2085 temporis
1510 2037 1572 2069 te-

284 2101 370 2158 las,
405 2098 564 2162 quibus
595 2098 724 2145 vestis
758 2097 865 2144 nihil
893 2098 1080 2144 celatura
1110 2094 1377 2152 conficitur,
1406 2095 1451 2142 in
1485 2112 1571 2159 qua

286 2189 382 2219 non
408 2171 512 2218 dico
539 2171 704 2217 nullum
725 2170 907 2233 corpori
936 2169 1167 2225 auxilium,
1194 2168 1269 2216 sed
1295 2167 1462 2214 nullum
1489 2184 1572 2230 pu-

288 2243 392 2290 dori
413 2242 505 2290 est?
524 2241 698 2289 Transit
720 2243 879 2289 deinde
901 2243 954 2288 ad
973 2240 1184 2305 agricolas
1199 2276 1212 2298 ,
1238 2256 1319 2287 nec
1339 2239 1484 2285 minus
1503 2238 1572 2285 fa-

291 2316 438 2363 cunde
455 2315 658 2362 describit
676 2314 933 2378 proscissum
954 2327 1098 2361 aratro
1115 2313 1275 2369 solum,
1291 2324 1334 2359 et
1353 2312 1576 2368 iteratum,

291 2405 385 2451 quo
402 2389 583 2435 solutior
602 2401 714 2436 terra
733 2387 902 2437 facilius
917 2399 1061 2452 pateat
1081 2386 1327 2435 radicibus:
1346 2397 1437 2432 tum
1456 2385 1575 2448 spar-

293 2461 337 2510 sa
356 2460 540 2520 semina,
561 2475 604 2511 et
627 2461 829 2512 collectas
853 2478 986 2510 manu
1011 2449 1163 2510 lierbas
1177 2496 1192 2523 ,
1207 2476 1263 2509 ne
1287 2459 1394 2526 quid
1413 2456 1576 2508 fortui=
