1797 2956
313 188 405 235 262
554 189 601 235 L.
657 191 946 236 ANNAEI
1003 195 1363 244 SENECAE

311 309 463 340 rorum
494 296 720 342 lacrimam
743 314 831 343 non
860 299 1052 346 mitteret
1073 318 1083 346 :
1103 303 1175 365 qui
1203 305 1337 350 morti
1362 305 1605 368 intrepidus

310 382 578 415 occurreret.
610 385 764 427 amor,
791 372 853 416 ira
869 407 882 427 ,
905 373 1115 433 cupiditas
1130 411 1142 432 ,
1164 377 1355 438 pericula
1377 379 1603 441 depopos-

309 454 477 487 cerunt.
508 444 647 501 and
675 443 701 488 fi
731 443 819 490 hoc
841 445 983 506 potest
1003 445 1152 494 brevis
1178 449 1419 496 obstinatio
1439 453 1601 508 animi,

308 518 456 577 aliquo
491 516 663 563 stimulo
702 519 915 565 excitata:
948 534 1114 582 quanto
1143 524 1280 587 magis
1319 526 1458 572 virtus
1488 543 1600 589 quae

310 605 401 634 non
431 606 484 635 ex
503 590 670 652 impetu
686 628 699 648 ,
729 610 808 639 nec
830 593 971 639 mbito
987 629 998 651 ,
1019 594 1093 641 sed
1111 597 1349 659 aequaliter
1371 599 1509 653 valet,
1530 602 1600 648 cui

307 677 568 723 perpetuum
601 667 737 710 robur
764 665 852 711 est?
885 667 1110 728 Sequitur,
1144 682 1190 714 ut
1218 687 1329 732 quae
1361 671 1415 716 ab
1444 671 1600 718 incon-

308 732 424 778 sultis
453 733 575 797 saepe
604 749 975 795 contemnuntur,
996 756 1019 784 a
1049 739 1311 802 sapientibus
1338 743 1529 806 semper,
1552 761 1601 790 ea

306 822 389 853 nec
424 809 538 853 bona
575 810 675 866 fint,
711 827 792 856 nec
824 813 948 859 mala.
983 815 1132 859 Unum
1167 830 1273 878 ergo
1309 817 1600 879 bonum‘ipsa

304 880 447 926 virtus
473 881 554 935 est,
574 900 684 945 quae
704 884 818 930 inter
838 885 949 932 hanc
974 885 1201 934 fortunam
1222 901 1265 933 et
1285 887 1398 933 illam
1419 887 1601 951 superba

304 949 495 1004 incedit,
537 972 636 1000 cum
671 973 834 1019 magno
871 958 1093 1021 utriusque
1123 972 1368 1005 contemtu.
1411 960 1454 1004 Si
1489 960 1600 1006 hanc

308 1029 567 1087 opimanem
607 1032 859 1092 receperis,
904 1033 1069 1095 aliquid
1105 1033 1273 1079 bonum
1314 1032 1396 1079 effe
1433 1047 1602 1093 praeter

305 1103 570 1159 honestum,
608 1105 724 1151 nulla
760 1123 848 1151 non
886 1108 1028 1154 virtus
1066 1108 1294 1154 laborabit.
1333 1108 1449 1154 nulla
1481 1109 1599 1155 enim

304 1177 495 1223 obtineri
534 1181 728 1241 poterit,
767 1181 797 1226 fi
834 1182 1076 1244 quidquam
1115 1196 1234 1228 extra
1267 1181 1309 1229 se
1351 1182 1599 1245 respexerit.

305 1253 447 1312 Quod
467 1251 496 1298 fi
522 1253 607 1308 est,
639 1254 800 1300 rationi
820 1268 1054 1318 repugnat,
1083 1273 1136 1301 ex
1162 1273 1248 1318 qua
1267 1256 1452 1302 virtutes
1474 1256 1597 1311 sunt;

304 1337 349 1371 et
374 1325 576 1379 veritati,
609 1344 722 1389 quae
755 1326 850 1373 fine·
872 1327 1042 1373 ratione
1076 1344 1165 1373 non
1196 1327 1270 1374 est.
1308 1345 1597 1391 quaecunque

305 1410 449 1444 autem
478 1401 633 1463 opinio
653 1401 826 1447 veritati
854 1414 1091 1463 repugnat,
1118 1401 1216 1448 falsa
1239 1402 1312 1448 est.
1336 1403 1490 1448 Virum
1512 1403 1597 1448 bo-

304 1490 438 1529 num,
475 1476 692 1521 concedas
729 1476 898 1522 neceffe
929 1475 991 1521 est
1013 1512 1026 1529 ,
1067 1475 1258 1522 summae
1289 1477 1461 1538 pietatis
1493 1493 1595 1540 erga

280 1546 411 1611 *deos
432 1546 518 1591 effe
538 1564 549 1592 ε
573 1548 715 1609 {taque
736 1547 950 1609 quidquid
976 1547 1039 1592 illi
1067 1547 1296 1603 acciderit,
1327 1564 1470 1610 aequo
1496 1549 1594 1596 ani-

303 1638 381 1668 mo
413 1621 648 1667 sustinebit.
687 1624 789 1668 sciet
823 1623 936 1669 enim
969 1623 1013 1669 id
1048 1623 1251 1668 accidisse
1287 1624 1380 1686 lege
1412 1624 1593 1679 divina,

300 1712 386 1756 qua
408 1695 610 1741 universa
641 1697 906 1758 procedunt.
933 1697 1070 1756 Quod
1102 1696 1131 1741 fi
1153 1695 1240 1750 est,
1267 1713 1403 1741 unum
1431 1696 1491 1742 illi
1511 1697 1603 1743 bo-*

300 1785 408 1814 :num
435 1769 536 1822 erit,
559 1771 682 1829 quod
712 1769 941 1816 honestum
973 1788 984 1816 ε
1016 1769 1059 1815 in
1078 1770 1167 1816 hoc
1187 1768 1303 1815 enim
1327 1768 1513 1831 positum
1531 1771 1594 1818 est

301 1855 343 1890 et
366 1859 515 1903 parere
542 1843 625 1889 diis
642 1880 653 1899 ‚
685 1860 765 1890 nec
793 1843 1108 1890 excandescere
1128 1843 1181 1889 ad
1211 1843 1347 1889 subita
1364 1879 1377 1899 ,
1403 1860 1485 1890 nec
1515 1845 1591 1890 de-

300 1917 475 1980 plorare
502 1917 662 1963 sortem
688 1918 804 1965 suam
823 1953 835 1971 ‚
862 1917 935 1963 sed
962 1918 1175 1979 patienter
1194 1918 1399 1979 excipere
1424 1917 1556 1963 fatum
1574 1953 1588 1976 ‚

297 2005 341 2036 et
367 1990 508 2035 facere
535 1989 761 2050 imperata.
796 1989 836 2034 Si
865 1989 981 2035 enim
1012 1988 1147 2034 ullum
1180 1989 1295 2034 aliud
1330 1988 1391 2034 est
1420 1989 1588 2034 bonum

299 2080 433 2126 quam
464 2062 692 2108 honestum
712 2098 724 2117 ,
758 2062 959 2118 sequetur
978 2078 1059 2109 nos
1078 2061 1261 2109 aviditas
1281 2062 1396 2108 vitae
1411 2096 1424 2118 ‚
1443 2062 1589 2108 avidi-

296 2148 362 2182 tas
381 2153 526 2182 rerum
546 2136 678 2182 vitam
702 2134 1004 2182 instruentium
1027 2153 1038 2181 :
1062 2135 1188 2198 'quod
1207 2134 1267 2180 est
1287 2134 1588 2190 intolerabile,

297 2208 519 2255 infinitum
538 2245 550 2265 ,
570 2226 749 2273 vagum.
773 2208 925 2255 Solum
942 2225 1049 2271 ergo
1069 2209 1240 2254 bonum
1257 2206 1316 2254 est
1334 2206 1588 2266 honestum,

297 2281 367 2329 cui
390 2282 550 2328 modus
571 2281 644 2328 est.
676 2280 914 2337 Diximus,
941 2280 1175 2327 hominum
1205 2280 1392 2327 suturam
1413 2279 1587 2327 felicio-v

295 2372 389 2401 rem
411 2356 547 2401 vitam
569 2371 700 2418 quam
731 2355 915 2401 deorum
931 2389 944 2411 ,
966 2353 993 2399 fi
1023 2371 1071 2401 ea
1097 2355 1215 2400 bona
1242 2353 1365 2411 sunt,
1392 2369 1586 2415 quorum

293 2426 434 2474 nullus
465 2427 547 2473 diis
583 2427 682 2474 usus
717 2425 806 2483 est,
845 2439 1051 2489 tanquam
1082 2425 1269 2488 pecunia
1301 2436 1344 2471 et
1377 2424 1584 2470 honores.
1633 2441 1638 2446 ·

291 2498 445 2547 Adiice
473 2515 590 2549 nunc
606 2534 620 2558 ,
640 2498 767 2562 quod
793 2497 824 2547 st
852 2498 992 2546 modo
1015 2497 1177 2546 solutae
1200 2495 1470 2560 corporibus
1490 2494 1582 2541 ani-
