1797 2956
291 166 376 210 2213
439 207 452 216 f
544 166 591 212 L.
643 154 937 209 ΑΝΝΑΕι
984 134 1348 210 SENECAE

284 274 464 335 sequens
487 272 634 318 nescit.
667 273 732 316 Ex
760 271 848 316 hoc
876 283 1017 316 autem
1045 287 1188 317 rerum
1219 272 1334 317 ordo
1362 269 1572 335 seriesque

285 345 572 398 contexitur,
597 355 638 389 et
670 342 812 389 unitas
844 341 959 390 vitae
979 342 1024 388 in
1055 341 1296 405 perfeRum
1328 343 1454 390 itura.
1484 348 1569 389 Ra-

286 417 350 464 tio
384 433 493 478 ergo
526 413 685 461 arbitra
716 413 776 460 est
807 414 1032 460 bonorum
1063 431 1113 460 ac
1148 415 1364 461 malorum
1395 432 1405 461 :
1431 415 1570 463 aliena

287 503 330 539 et
355 506 532 538 externa
560 505 642 551 pro
669 487 830 536 vilibus
858 488 989 534 habet
1011 501 1084 534 :et
1112 505 1160 535 ea
1183 505 1296 552 quae
1320 506 1461 553 neque
1486 490 1571 536 bo-

287 583 342 612 na
372 566 494 621 sunt,
516 579 658 625 neque
689 562 799 608 mala
816 598 829 620 ,
855 561 1117 609 acceffiones
1146 562 1346 610 minimas
1372 580 1422 611 ac
1444 563 1572 610 levis-

287 639 412 686 fimas
439 636 613 684 iudicat.
651 651 784 681 omne
810 635 871 681 illi
893 636 1059 682 bonum
1084 634 1128 680 in
1156 634 1304 682 animo
1327 635 1400 682 est.
1431 637 1569 684 Cete-

287 729 383 758 rum
411 710 625 774 quaedam
654 710 795 772 prima
826 707 1071 765 existimat,
1100 707 1153 753 ad
1176 723 1286 770 quae
1315 725 1370 755 ex
1401 725 1572 772 propo-

287 787 369 833 sito
400 784 549 841 venit,
579 795 785 846 tanquam
811 782 1073 839 vieioriam,
1107 782 1251 828 bonos
1277 782 1464 841 liberos,
1493 799 1573 846 pa·

287 856 397 904 triae
426 857 602 902 salutem
633 872 643 900 :
679 854 894 917 quaedam
924 854 1138 910 secunda,
1169 869 1280 916 quae
1316 869 1407 900 non
1439 870 1576 916 appa-

286 944 386 980 rent
417 929 493 976 nifi
522 929 566 975 in
596 929 724 974 rebus
753 925 943 974 adversis
973 947 981 971 ε
1011 942 1218 990 tanquam
1248 942 1391 989 aequo
1422 926 1574 974 animo

289 1008 382 1070 pati
409 1005 614 1052 morbum
643 1019 851 1067 magnum
868 1038 882 1061 ‚
909 1001 1108 1049 exsilium
1132 1018 1144 1047 ε
1170 1002 1382 1065 quaedam
1414 1001 1575 1060 media,

229 1081 233 1083 ’
290 1097 404 1145 quae
429 1079 568 1126 nihilo
609 1077 745 1141 magis
777 1077 1015 1124 secundum
1050 1088 1248 1123 naturam
1284 1077 1408 1133 sunt,
1440 1092 1576 1138 quam

288 1166 443 1202 contra
467 1164 664 1199 naturam
684 1169 695 1197 ε
714 1167 921 1214 tanquam
941 1151 1180 1214 prudenter
1196 1151 1436 1207 ambulare,
1451 1165 1577 1195 com-

286 1228 426 1291 posite
454 1227 616 1274 sedere.
654 1226 762 1272 Non
792 1224 909 1272 enim
940 1225 1084 1271 minus
1110 1225 1347 1271 secundum
1376 1236 1574 1271 naturam

288 1300 348 1348 est
367 1336 380 1358 ‚
409 1300 582 1357 sedere,
605 1314 737 1361 quam
761 1308 834 1345 aut
860 1295 995 1351 stare,
1025 1308 1098 1342 aut
1116 1297 1351 1344 ambulare.
1378 1297 1488 1343 Duo
1505 1296 1577 1343 illa

285 1372 516 1437 superiora
543 1370 712 1419 diversa
733 1370 845 1417 sunt.
872 1368 1014 1431 prima
1036 1368 1154 1416 enim
1185 1369 1423 1416 secundum
1453 1380 1579 1415 natu-

289 1465 383 1495 ram
418 1447 544 1502 sunt‚
581 1446 768 1509 gaudere
798 1443 1040 1491 liberorum
1076 1442 1272 1506 pietate,
1307 1442 1472 1506 patriae
1503 1442 1576 1488 in-

292 1520 580 1568 columitate:
609 1518 795 1566 secunda
830 1528 983 1565 contra
1010 1530 1210 1584 naguram
1246 1516 1343 1563 sunt
1361 1552 1374 1574 ‚
1403 1516 1576 1563 fortiter

292 1594 465 1642 obstare
494 1592 723 1640 tormentis
741 1629 754 1649 ,
785 1604 828 1640 et
856 1591 967 1638 sitim
1001 1591 1205 1654 perpeti,
1233 1591 1396 1638 morbo
1426 1602 1582 1639 urente

291 1667 565 1731 praecordia.
591 1666 715 1726 Quid
736 1681 844 1728 ergo
865 1664 883 1711 ἒ
905 1663 1071 1727 aliquid
1096 1675 1250 1710 contra
1277 1679 1474 1710 naturam
1493 1663 1578 1710 bo-

292 1758 398 1787 num
432 1738 528 1787 est?
563 1738 759 1785 minime.
795 1736 866 1783 sed
898 1735 1004 1782 illud
1040 1735 1278 1799 aliquando
1309 1748 1463 1784 contra
1495 1752 1577 1782 na-

294 1826 436 1859 turam
476 1810 565 1866 est,
595 1810 642 1856 in
673 1825 766 1872 quo
799 1810 969 1856 bonum
1002 1807 1109 1855 illud
1142 1807 1314 1856 exsistit.
1352 1807 1575 1858 vulnerari

293 1885 411 1931 enim
431 1920 444 1941 ‚
473 1897 516 1930 et
544 1883 737 1930 subiesto
767 1882 868 1947 igne
897 1881 1142 1939 tabescere,
1171 1895 1216 1930 et
1240 1881 1419 1930 adversa
1450 1883 1575 1929 vale-

291 1960 446 2007 tudine
466 1958 628 2023 affligi,
655 1968 809 2005 contra
828 1969 1026 2004 naturam
1053 1955 1140 2002 est:
1166 1955 1240 2003 sed
1256 1956 1368 2004 inter
1391 1955 1467 2002 ista
1486 1957 1579 2006 ser-

297 2050 404 2081 vare
425 2033 622 2080 animum
647 2031 987 2096 infatigabilem,
1016 2030 1253 2078 secundum
1281 2043 1479 2078 naturam
1502 2030 1580 2078 est.

297 2112 352 2156 Et
376 2122 425 2156 ut
439 2145 453 2167 ‚
477 2108 600 2172 quod
620 2107 754 2165 volo,
773 2106 1013 2170 exprimam
1036 2107 1256 2164 breviter,
1276 2105 1453 2153 materia
1470 2105 1579 2153 boni

298 2181 534 2246 aliquando
574 2195 729 2229 contra
755 2193 951 2227 naturam
982 2197 993 2225 :
1018 2191 1062 2227 at
1092 2179 1260 2226 bonum
1280 2215 1295 2238 ,
1329 2194 1578 2242 nunquam:

298 2254 512 2319 quoniam
546 2255 714 2302 bonum
747 2253 835 2301 fine
864 2253 1035 2301 ratione
1065 2252 1228 2300 nullum
1257 2252 1318 2300 est
1343 2270 1354 2298 :
1386 2250 1577 2314 sequitur
1603 2247 1606 2252 ’

301 2342 446 2374 autem
474 2327 586 2374 ratio
615 2341 829 2374 naturam.
855 2325 978 2387 Quid
1007 2324 1069 2373 est
1093 2342 1202 2390 ergo
1224 2324 1369 2372 ratio?
1401 2334 1579 2370 naturae

301 2398 501 2447 imitatiO.
527 2400 650 2461 Quid
669 2399 729 2446 est
750 2399 969 2446 summum
995 2398 1186 2446 hominis
1206 2398 1406 2446 bonum?
1431 2413 1486 2443 ex
1510 2411 1580 2442 na-

302 2484 423 2521 turae
444 2473 671 2524 voluntate
689 2474 730 2524 se
757 2490 920 2540 gerere.
948 2474 1055 2523 Non
1078 2473 1166 2535 est,
1185 2472 1326 2538 inquit
1340 2507 1355 2531 ,
1378 2469 1578 2528 dubium,
