1807 3004
480 151 1115 226 'EPISTOLAE
1403 197 1459 245 93

189 285 260 343 tis,
276 284 460 332 sanitatis
474 285 578 331 loco
592 285 651 331 est
669 285 784 331 bona
803 285 1009 333 remiffio.
1031 286 1155 332 Dum
1169 301 1240 332 me
1253 284 1314 333 illi
1330 304 1465 350 paro,

189 369 236 403 tu
258 358 431 403 interim
458 355 532 418 qui
553 369 678 418 potes
692 392 705 413 ‚
731 358 804 420 qui
823 358 1048 421 intelligis,
1070 359 1182 405 unde
1200 375 1290 422 quo
1309 361 1462 408 evase-

188 431 247 476 ris
263 466 275 488 ‚
297 442 339 476 et
358 446 411 476 ex
430 445 485 475 eo
507 428 750 490 suspicaris,
772 430 1001 493 quousque
1024 431 1073 478 fis
1090 431 1315 489 evasurus,
1338 449 1464 479 com-

188 518 307 565 pone
337 517 482 547 mores
508 513 634 559 tuos,
661 502 807 547 attolle
827 502 1020 548 animum
1038 537 1051 558 ‚
1079 503 1281 550 adversus
1303 502 1462 550 formi-

187 575 286 621 data
314 572 522 625 consiste,
556 589 785 620 numerare
815 590 891 620 eos
926 573 1049 630 noli,
1082 576 1158 637 qui
1189 574 1267 622 tibi
1296 577 1463 623 metu‘m

185 647 363 694 faciunt.
393 648 553 694 Nonne
589 647 792 695 videatur
822 647 997 704 stultus,
1028 647 1058 693 fi
1091 648 1186 711 quis
1213 648 1460 697 multitudi-

186 735 287 765 nem
309 718 458 765 timeat
477 734 532 764 eo
550 717 680 776 loco,
710 732 786 780 per
803 735 933 781 quem
955 720 1151 765 transitus
1171 718 1340 783 lingulis
1369 720 1461 768 est?

186 806 323 854 aeque
346 791 399 843 ad
425 804 541 837 tuam
563 803 753 837 mortem
781 791 927 837 multis
958 791 1099 838 aditus
1123 808 1213 837 non
1241 791 1329 849 est,
1357 793 1461 840 licet

186 862 303 909 illam
329 863 454 909 multi
478 862 709 909 minentur.
742 861 810 909 Sic
831 861 941 908 istud
965 874 1112 908 natura
1138 863 1359 925 disposuit.
1377 866 1462 928 spi-

185 935 317 982 ritum
337 935 415 982 tibi
435 947 520 980 tam
542 952 651 981 unus
674 934 850 996 eripiet,
871 951 1001 996 quam
1023 951 1133 980 unus
1153 935 1282 980 dedit.
1315 936 1356 981 Si
1377 953 1461 998 pu-

185 1009 341 1065 dorem
359 1009 539 1055 haberes
555 1045 567 1066 ,
586 1008 780 1055 ultimam
808 1008 915 1054 milii
944 1007 1200 1070 pensionem
1222 1009 1462 1077 remififfeS.

186 1083 269 1129 Sed
291 1099 343 1128 ne
362 1098 446 1146 ego
468 1082 643 1145 quidem
664 1098 735 1128 me
761 1081 933 1128 sordide
957 1098 1101 1145 geram
1120 1081 1166 1128 in
1186 1081 1373 1130 foenore
1391 1101 1461 1132 ae-

184 1155 243 1200 ris
263 1153 417 1211 alieni,
449 1169 491 1200 et
517 1153 598 1200 tibi
624 1154 745 1217 quod
765 1155 905 1201 debeo
930 1155 1185 1218 impingam.
1219 1157 1459 1221 Nunquam

184 1226 309 1273 volui
329 1227 495 1288 populo
517 1226 698 1288 placere.
719 1243 816 1273 nam
837 1244 950 1290 quae
969 1244 1051 1290 ego
1070 1227 1176 1285 scio,
1196 1246 1286 1276 non
1305 1232 1461 1293 probat

185 1300 400 1360 populus;
438 1315 548 1362 quae
582 1299 740 1361 probat
775 1299 993 1361 populus,
1026 1315 1110 1361 ego
1143 1301 1299 1349 nescio.
1349 1304 1460 1363 Quia

185 1372 302 1418 hoc?
333 1372 493 1435 inquis.
526 1373 756 1435 Tanquam
795 1371 955 1418 nescias
986 1372 1056 1419 cui
1083 1371 1310 1434 imperem.
1349 1375 1458 1436 Epi-

185 1460 330 1490 curus.
353 1444 436 1489 Sed
459 1443 572 1489 idem
593 1443 680 1491 hoc
698 1459 852 1489 omnes
870 1443 946 1488 tibi
967 1460 1020 1489 ex
1044 1445 1168 1489 omni
1189 1445 1328 1490 domo
1348 1462 1460 1492 con-

184 1515 452 1571 clamabunt,
484 1515 788 1576 Peripatetici,
817 1514 1097 1574 Academici,
1123 1516 1286 1572 Stoici,
1313 1517 1461 1580 Cyni-

185 1588 239 1634 ci.
264 1588 379 1647 Quis
405 1587 522 1633 enim
544 1589 713 1651 placere
733 1587 876 1650 potest
898 1587 1065 1649 populo
1079 1622 1092 1645 ‚
1114 1587 1182 1634 cui
1203 1589 1344 1650 placet
1364 1590 1461 1635 vir-

184 1660 283 1706 tus?
310 1660 430 1706 malis
447 1660 604 1707 artibus
623 1660 846 1723 popularis
868 1659 996 1706 favor
1015 1659 1234 1722 quaeritur
1252 1659 1460 1709 :similem

182 1744 227 1779 te
250 1733 332 1780 illis
362 1734 491 1781 facias
521 1746 712 1797 oportet.
737 1750 827 1780 non
850 1733 1120 1795 probabunt,
1153 1732 1231 1778 nisi
1257 1750 1459 1796 agnove-

182 1804 280 1851 rint.
306 1806 450 1852 Multo
471 1820 614 1852 autem
639 1807 693 1852 ad
720 1823 812 1852 rem
835 1804 970 1867 magis
993 1805 1208 1866 pertinet,
1228 1807 1362 1869 qualis
1380 1807 1459 1855 tibi

184 1878 394 1936 videaris,
414 1896 544 1942 quam
575 1868 716 1941 qualis
739 1879 843 1925 aliis.
876 1878 1120 1925 Conciliari
1142 1879 1220 1925 nifi
1248 1881 1366 1943 turpi
1386 1898 1459 1928 ra-

183 1951 305 1996 tione
328 1967 453 1996 amor
473 1951 664 2013 turpium
689 1968 779 1996 non
804 1950 962 2013 potest.
997 1951 1116 2010 Quid
1138 1968 1246 2014 ergo
1271 1952 1342 1999 illa
1362 1954 1458 2000 lau·-

185 2025 283 2070 data
301 2061 313 2080 ,
341 2038 383 2070 et
403 2024 607 2070 omnibus
630 2023 913 2086 praeferenda
940 2026 1100 2071 artibus
1121 2025 1333 2087 rebusque
1355 2026 1457 2088 phi-

184 2096 384 2158 losophia
419 2096 645 2157 praestabit
664 2097 680 2142 ?
716 2096 874 2142 scilicet
908 2109 954 2142 ut
989 2097 1108 2143 malis
1144 2097 1222 2143 tibi
1261 2099 1458 2159 placere,

186 2185 316 2231 quam
349 2167 519 2229 populo
552 2185 562 2213 :
597 2180 645 2214 ut
668 2167 860 2214 aestimes
887 2168 1045 2215 iudicia
1063 2201 1077 2224 ‚
1110 2185 1200 2215 non
1226 2187 1459 2219 numeres:

185 2253 232 2287 ut
250 2240 335 2286 fine
355 2254 474 2285 metu
492 2241 674 2287 deorum
693 2240 1014 2304 hominumque
1032 2242 1158 2288 vivas
1175 2260 1184 2287 z
1202 2254 1247 2287 ut
1266 2258 1338 2289 aut
1357 2243 1460 2290 vin-

186 2329 258 2361 cas
282 2313 388 2358 mala
408 2348 421 2368 ,
445 2325 516 2358 aut
537 2312 673 2360 finias.
699 2315 904 2359 Ceterum
933 2313 962 2358 fi
988 2325 1029 2360 te
1056 2314 1215 2361 videro
1246 2315 1463 2363 celebrem

187 2383 384 2430 secundis
410 2385 597 2432 vocibus
623 2385 770 2447 vulgi,
798 2385 827 2430 fi
848 2385 1032 2430 intrante
1052 2401 1093 2431 te
1123 2387 1317 2444 clamor,
1345 2387 1464 2448 plau·

185 2458 253 2507 sus
266 2494 280 2520 ,
293 2472 336 2508 et
354 2458 670 2524 pantomimica
681 2475 942 2510 ornamenta
961 2460 1305 2524 obstrepuerint,
1329 2461 1359 2508 fi
1373 2475 1467 2510 tota
