1807 3004
569 219 1134 267 EPISTOLAE.
1425 231 1476 279 25

219 346 343 391 egere
363 327 477 375 enim
493 363 506 383 ‚
541 326 791 374 neceffitatis
810 325 868 371 est
890 343 899 371 :
922 325 1023 371 nihil
1056 337 1198 370 autem
1230 321 1397 369 necesse
1425 323 1486 368 sa-

219 401 351 462 pienti
376 400 446 446 est.
474 402 611 462 Ergo,
638 398 838 461 quamvis
858 396 995 457 seipso
1023 407 1251 442 contentus
1273 394 1347 451 fit,
1375 394 1485 439 ami-

219 472 277 517 cis
303 472 362 516 :illi
387 488 498 533 opus
527 470 600 516 est.
647 470 728 515 hos
760 468 876 530 cupit
904 467 1062 513 habere
1091 482 1221 529 quam
1249 465 1487 527 plurimos,

216 561 305 589 non
323 559 368 590 ut
389 544 510 590 beate
529 543 674 590 vivat:
694 542 816 589 vivet
833 540 949 586 enim
967 540 1095 586 etiam
1117 539 1202 584 fine
1215 537 1364 584 amicis
1382 537 1482 582 bea-

158 628 165 634 ’
215 629 271 661 te.
301 617 527 661 Summum
564 614 731 661 bonurn
766 612 1028 659 extrinsecus
1068 611 1349 657 instrumenta
1393 626 1483 656 non

214 687 381 750 quaerit
396 724 409 746 ‚
427 688 547 734 domi
566 688 748 734 colitur:
769 704 823 733 ex
841 686 883 734 se
907 699 1049 733 totum
1072 685 1143 732 est.
1168 685 1319 747 incipit
1343 684 1483 731 fortu-

213 777 291 805 nae
310 760 393 807 effe
421 760 654 807 subiectum
672 795 685 816 ‚
703 759 732 804 fi
753 776 881 820 quam
901 771 1063 822 partem
1086 759 1146 804 sui
1167 757 1277 804 foris
1298 757 1480 820 quaerit.

212 832 364 890 Qualis
388 843 532 878 tamen
558 830 700 877 futura
726 830 786 876 est
808 831 896 877 vita
919 829 1141 891 sapientis,
1169 829 1198 873 fi
1220 827 1305 873 fine
1334 827 1483 874 amicis

211 903 476 965 relinquatur
492 903 535 948 in
553 902 792 948 custodiam
814 902 1059 957 coniectus,
1074 901 1143 948 vel
1163 902 1207 946 in
1226 901 1367 963 aliqua
1380 917 1483 962 gen·

210 989 253 1021 te
275 975 408 1019 aliena
439 973 687 1031 destitutus,
720 975 791 1020 vel
820 975 864 1019 in
883 974 1162 1036 navigatione
1186 973 1315 1034 longa
1342 985 1484 1017 reten-

211 1060 303 1101 tus,
329 1061 400 1090 aut
434 1045 478 1090 in
508 1045 720 1092 desertum
747 1045 845 1091 litus
869 1045 1056 1091 eiectus?
1088 1044 1222 1107 qualis
1249 1043 1310 1089 est
1330 1045 1479 1100 Iovis,

212 1135 308 1163 cum
330 1117 520 1164 resoluto
539 1118 707 1163 mundo
723 1152 735 1174 ,
757 1131 799 1163 et
820 1116 898 1163 diis
915 1118 959 1163 in
981 1135 1117 1163 unum
1145 1115 1356 1172 confusis,
1375 1132 1479 1178 pau-

210 1189 338 1250 lisper
357 1189 538 1235 ceffante
555 1201 703 1234 natura
721 1225 733 1245 ,
753 1188 985 1251 acquiescit
1011 1188 1116 1245 fibi,
1143 1187 1483 1251 cogitationibus

211 1261 291 1307 suis
309 1261 508 1306 traditus?
528 1261 635 1307 Tale
649 1261 859 1323 quiddam
879 1260 1044 1323 sapiens
1062 1260 1176 1306 facit.
1194 1261 1238 1305 in
1259 1259 1300 1305 se
1319 1276 1480 1306 recon-

213 1334 350 1391 ditur,
384 1331 526 1379 secum
556 1333 616 1379 est
637 1351 648 1378 ε
669 1332 878 1396 quamdiu
900 1333 1076 1395 quidem
1098 1333 1159 1379 illi
1178 1332 1282 1379 licet
1306 1332 1384 1379 suo
1413 1349 1482 1378 ar·

211 1406 343 1452 bitrio
369 1423 435 1453 res
460 1407 549 1452 suas
578 1406 780 1452 ordinare
799 1441 811 1462 ,
840 1406 880 1451 se
905 1418 1138 1452 contentus
1166 1405 1226 1452 est
1252 1423 1262 1451 :
1294 1421 1337 1452 et
1362 1405 1482 1452 ducit

211 1496 392 1525 uxorem
408 1515 419 1533 ‚
452 1478 492 1524 se
524 1490 751 1525 contentus
781 1478 868 1525 est:
890 1492 932 1525 et
955 1479 1116 1526 liberos
1140 1480 1281 1537 tollit,
1308 1478 1350 1525 se
1368 1496 1480 1526 con-

210 1566 352 1599 tentus
375 1552 435 1599 est
453 1570 464 1597 :
483 1564 525 1597 et
544 1565 686 1598 tamen
705 1569 795 1598 non
816 1552 966 1609 vivet,
992 1552 1021 1598 fi
1043 1552 1176 1599 fuerit
1193 1552 1279 1598 fine
1298 1553 1480 1599 homine

211 1626 414 1674 victurus.
442 1628 510 1671 Ad
542 1626 776 1672 amicitiam
801 1625 883 1671 fert
905 1625 1027 1672 illum
1057 1625 1169 1671 nulla
1200 1625 1356 1671 utilitas
1380 1625 1448 1672 sua
1467 1662 1482 1683 ‚

208 1699 281 1744 sed
318 1699 517 1745 naturalis
541 1698 740 1747 irritatio.
770 1715 867 1743 nam
897 1711 946 1744 ut
973 1698 1151 1745 aliarum
1181 1697 1307 1744 nobis
1332 1715 1480 1745 rerum

206 1771 353 1816 innata
371 1771 559 1816 dulcedo
584 1771 644 1816 est
658 1807 671 1828 ‚
689 1771 746 1817 fic
765 1769 992 1817 amicitiae.
1022 1771 1269 1830 Quomodo
1289 1769 1481 1816 solitudo

208 1846 252 1891 in
291 1846 398 1892 odio
443 1846 502 1892 est
518 1882 531 1903 ‚
568 1847 622 1894 fic
657 1848 701 1893 in
739 1848 967 1894 dulcedine
1003 1847 1213 1910 appetitio
1251 1846 1480 1893 societatis.

208 1919 455 1978 Quomodo
474 1920 697 1966 hominem
717 1921 885 1967 homini
900 1933 1047 1966 natura
1061 1920 1262 1966 conciliat
1274 1951 1288 1973 ‚
1304 1918 1479 1966 ficinest

156 2024 160 2031 1
208 1992 308 2037 huic
326 1988 585 2052 quoquerei
606 1992 798 2039 stimulus
812 2029 827 2049 ,
846 1994 920 2056 qui
942 2010 1022 2039 nos
1039 1992 1326 2039 amicitiarum
1345 2009 1479 2055 appe-

208 2079 345 2112 tentes
373 2067 514 2113 faciat.
541 2068 837 2114 Nihilominus
859 2085 956 2114 cum
986 2067 1035 2113 fit
1063 2067 1308 2113 amicorum
1329 2082 1478 2112 aman-

208 2137 416 2194 tiffimus,
447 2155 542 2184 cum
572 2139 667 2185 illos
691 2139 767 2185 fibi
797 2152 1051 2201 comparet,
1080 2139 1203 2201 saepe
1233 2136 1479 2200 praeferat:

208 2227 340 2256 omne
366 2211 473 2256 intra
494 2211 533 2257 se
554 2213 717 2258 bonum
742 2212 1018 2268 terminabit,
1046 2227 1089 2259 et
1108 2212 1224 2258 dicet
1241 2213 1363 2275 quod
1381 2212 1479 2258 Stil-

207 2301 296 2347 pon
318 2284 386 2329 ille
407 2284 513 2330 dixit
527 2321 540 2341 ‚
561 2286 729 2349 Stilpon
749 2303 877 2349 quem
900 2286 1072 2349 Epicuri
1091 2286 1267 2349 epistola
1285 2285 1478 2349 insequi-

206 2370 289 2402 tur.
329 2359 413 2404 Hic
439 2358 551 2403 enim
586 2372 706 2420 capta
742 2359 873 2420 patria
890 2395 903 2414 ‚
939 2358 1096 2404 amiffis
1126 2357 1295 2415 liberis,
1332 2356 1480 2404 amiffa

207 2446 368 2485 uxore,
388 2447 485 2475 cum
503 2448 554 2477 ex
577 2431 779 2478 incendio
798 2432 976 2492 publico
995 2431 1130 2488 solus,
1151 2443 1194 2477 et
1211 2443 1356 2479 tamen
1373 2431 1479 2477 bea-

205 2513 274 2550 tus
291 2503 426 2551 exiret
439 2538 453 2562 ,
473 2503 756 2571 interroganti
779 2505 1010 2554 Demetrio
1024 2540 1038 2566 ‚
1061 2505 1132 2554 cui
1153 2521 1405 2570 cognomen
1422 2506 1476 2553 ab
