1807 3004
511 204 1090 260 EPISTOLAE.
1360 214 1448 276 263

167 338 263 369 mae
283 330 482 378 manent,
502 319 675 366 felicior
690 320 770 366 illis
795 319 920 364 status
941 319 1068 364 restat
1083 351 1095 373 ‚
1116 334 1247 381 quam
1268 319 1328 366 est
1345 321 1452 367 dum

166 396 410 442 mersantur
438 393 485 439 in
510 409 721 455 corpore.
746 394 878 455 Atqui
909 392 935 436 fi
962 392 1037 437 ista
1064 395 1178 438 bona
1205 392 1325 448 sunt,
1348 396 1452 455 qui-

167 470 248 515 bus
283 484 361 530 per
388 481 582 528 corpora
607 466 806 521 utimur,
836 464 995 511 emiffis
1026 465 1109 511 erit
1145 464 1268 527 peius
1292 483 1302 511 t
1329 466 1452 528 quod

170 554 324 586 contra
346 537 479 584 fidem
500 537 560 583 est
575 573 587 593 ‚
613 537 833 584 feliciores
853 537 936 583 effe
956 538 1128 596 liberis,
1152 550 1192 584 et
1209 538 1252 583 in
1272 538 1454 584 univer-

165 612 261 659 sum
285 610 392 656 datis
406 646 419 667 ‚
445 610 609 657 clausas
626 622 668 656 et
688 610 890 656 obsessas.
910 609 1018 655 Illud
1035 616 1217 674 quoque
1238 611 1451 659 dixeram„

168 684 199 729 fi
223 683 340 729 bona
368 683 468 729 sunt
499 700 549 729 ea
580 700 689 746 quae
714 696 800 728 tam
831 683 1000 728 homini
1029 684 1289 744 contingunt
1319 699 1453 744 quam

168 757 301 801 mutis
330 755 586 802 animalibus
606 791 619 813 ,
653 767 695 801 et
724 767 841 800 muta
877 754 1077 800 animalia
1109 754 1278 800 beatam
1315 753 1452 799 vitam

167 828 314 874 astura
341 845 351 871 :
380 829 502 890 quod
528 827 624 874 fieri
650 828 772 874 nullo
806 829 945 874 modo
979 827 1137 890 potest.
1173 826 1338 872 Omnia
1367 842 1453 888 pro

167 899 356 946 honesto
379 900 580 962 patienda
612 899 737 947 sunt:
765 901 890 963 quod
922 916 1012 946 non
1043 912 1136 946 erat
1162 898 1414 945 faciendum
1437 932 1453 953 ,

169 974 202 1020 fi
233 975 338 1021 esset
365 975 503 1021 ullum
536 976 653 1021 aliud
683 976 850 1021 bonum
881 991 1011 1037 quam
1047 973 1294 1020 honestum.
1333 974 1454 1019 Haec

170 1048 374 1108 quamvis
393 1048 520 1095 latius
542 1048 771 1096 exsecutus
788 1048 920 1095 essem
945 1048 1093 1110 priore
1115 1046 1454 1109 epistola‚‘con-

171 1121 346 1175 strinxi,
374 1133 417 1167 et
444 1122 638 1169 breviter
664 1122 876 1178 percurri.
904 1124 1142 1185 Nunquam
1174 1133 1318 1167 autem
1350 1137 1456 1168 vera

169 1192 249 1238 tibi
281 1193 437 1255 opinio
474 1194 569 1240 talis
601 1194 852 1251 videbitur,
891 1195 966 1239 nifi
1001 1195 1191 1240 animum
1222 1193 1381 1239 alleves
1411 1205 1457 1240 et

168 1265 352 1325 teipsum
371 1264 614 1328 interroges
634 1284 644 1311 ε
664 1266 692 1311 fi
714 1282 780 1311 res
794 1267 1012 1329 exegerit,
1033 1281 1081 1312 ut
1098 1282 1181 1328 pro
1197 1265 1331 1327 patria
1352 1281 1456 1311 mo·-

171 1339 294 1384 riaris
311 1374 325 1395 ‚
351 1351 394 1384 et
421 1338 597 1386 salutem
626 1336 826 1385 omnium
861 1338 1026 1385 civium
1064 1351 1136 1384 tua
1160 1339 1372 1394 redimas,
1399 1356 1454 1385 an

172 1413 450 1473 porreeturus
468 1412 521 1458 fis
549 1413 793 1468 cervicem,
820 1429 909 1458 non
929 1424 1095 1458 tantum
1116 1412 1331 1474 patienter
1345 1448 1358 1470 ,
1381 1411 1455 1458 sed

172 1484 302 1529 eriam
321 1484 537 1530 libenter?
564 1485 595 1530 fi
614 1486 701 1530 hoc
729 1485 1012 1541 faffi'turuses,
1036 1486 1198 1530 nullum
1231 1486 1348 1531 aliud
1369 1486 1457 1531 lio-

171 1574 279 1602 num
314 1557 388 1603 est.
426 1558 590 1603 Omnia
626 1558 864 1619 relinquis,
901 1570 948 1604 ut
987 1558 1075 1603 hoc
1108 1558 1276 1604 habeas.
1313 1559 1456 1612 vide„

173 1641 331 1691 quanta
353 1629 420 1676 vis
437 1629 604 1675 honesti
619 1621 698 1676 fit?
730 1632 816 1676 Pro
837 1631 1061 1693 republica
1080 1631 1279 1677 morieris
1292 1632 1458 1678 etiamsi

172 1700 310 1746 statim
332 1701 519 1748 saffiirus
539 1702 627 1748 hoc
650 1701 733 1749 eris
748 1738 761 1759 ,
783 1719 883 1749 cum
910 1703 1069 1749 scieris‘
1081 1703 1158 1750 tibi
1179 1703 1260 1749 effe
1288 1702 1455 1750 facien-

173 1774 294 1820 dum.
323 1774 541 1820 interdum
568 1792 622 1820 ex
642 1792 687 1820 re
713 1775 1003 1836 pulcherrima
1025 1791 1229 1837 magnum
1251 1776 1457 1838 gaudium

172 1847 303 1892 etiam
331 1860 544 1908 tempore.
558 1846 685 1892 brevi
715 1863 764 1892 ac
790 1846 949 1908 exiguo
970 1846 1165 1907 capitur:
1192 1859 1237 1892 et
1255 1849 1461 1910 quamvis

173 1917 338 1963 fruetus
378 1918 525 1979 operis
556 1918 717 1980 ρετᾶᾶὶ
751 1919 892 1964 nullus
932 1919 986 1964 ad
1019 1917 1270 1964 defunElum
1305 1936 1458 1965 exem·-

173 2003 355 2052 tumque
383 1991 512 2037 rebus
540 1990 738 2036 humanis
771 1991 1011 2052 pertineat,
1042 1989 1130 2052 ipsa
1165 2005 1311 2038 tamen
1345 2009 1457 2038 con·
1521 2000 1530 2002 ’

174 2064 401 2127 templatio
421 2063 553 2110 futuri
575 2063 722 2126 operis
747 2063 898 2109 iuvat:
919 2076 964 2110 et
993 2064 1063 2110 vir
1092 2063 1220 2110 fortis
1240 2079 1284 2111 et
1300 2064 1458 2121 iustus,

176 2156 276 2185 cum
305 2140 461 2185 mortis
499 2139 597 2185 suae
636 2138 772 2201 pretia
801 2151 900 2184 ante
939 2138 980 2185 se
1010 2138 1179 2200 posuit,
1212 2139 1458 2187 libertatem

175 2212 338 2274 patriae
356 2247 370 2269 ‚
401 2211 579 2258 salutem
606 2212 806 2258 omnium
831 2227 915 2273 pro
942 2211 1101 2274 quibus
1130 2212 1337 2274 dependit
1364 2213 1461 2259 ani-

174 2301 312 2341 mam,
332 2285 378 2330 in
398 2284 563 2331 summa
580 2284 806 2346 voluptate
823 2283 902 2341 est,
922 2296 965 2330 et
976 2283 1175 2346 periculo
1192 2285 1270 2331 suo
1287 2284 1461 2332 fruitur.

174 2356 257 2403 Sed
296 2356 366 2402 ille
394 2373 600 2420 quoque,
634 2359 705 2405 cui
741 2356 869 2404 etiam
893 2359 982 2405 hoc
1016 2359 1220 2421 gaudium
1249 2359 1459 2423 eripitur,

174 2430 296 2491 quod
308 2429 511 2475 μῐῑῑιθεειῐὶο
528 2429 676 2491 operis
698 2430 936 2476 maximum
956 2442 999 2477 et
1015 2431 1218 2478 ultimum
1234 2431 1426 2494 'praestat
1441 2466 1458 2488 5,

176 2500 286 2550 nihil
300 2503 524 2550 cunetatus
537 2501 703 2551 desiliet
716 2501 759 2549 in
773 2514 961 2553 mortem
971 2538 986 2561 ,
1002 2503 1146 2551 facere
1161 2505 1279 2555 renste
1300 2505 1459 2570 pieque

1056 2579 1159 2638 R4
