1797 2956
272 199 359 246 18ss
494 204 542 249 L.
586 202 1287 266 ‘ANNAEISENECOE

266 318 359 353 tum
386 323 533 355 meum
558 308 748 366 damno,
773 323 817 357 et
842 310 1035 376 intelligo
1062 315 1294 362 maximam
1319 315 1424 365 mihi
1445 333 1548 365 cau-

266 378 352 424 sam
376 379 431 426 sic
450 381 627 443 lugendi
658 381 806 440 fuiffe,
823 386 945 446 quod
975 403 1193 451 nunquam
1224 390 1550 453 cogitaveram,

267 452 384 498 mori
416 458 515 500 eum
550 468 651 500 ante
677 472 748 501 me
775 456 912 518 poffe.
947 460 1046 505 Hoc
1075 478 1132 505 us
1139 478 1211 506 um
1250 462 1356 508 mihi
1387 479 1550 514 occur-

266 526 404 582 rebat,
420 527 638 574 minorem
655 529 819 584 effe‚et
833 531 972 578 multo
993 534 1235 581 minorem:
1251 550 1455 599 tanquam
1477 553 1553 583 or-

267 599 414 644 dinem
442 599 529 646 fata
556 601 791 650 servarent.
820 607 966 667 ltaque
990 605 1148 652 affidue
1180 609 1446 670 cogitemus,
1464 621 1550 654 tam

265 671 321 717 de
349 673 521 731 nostra,
549 692 682 737 quam
712 677 911 723 omnium
945 695 1059 741 quos
1089 679 1336 742 diligimus,
1363 682 1554 728 mortali·-

266 754 365 790 tate.
410 746 542 792 Tunc
576 762 661 808 ego
701 747 845 794 dicere
881 749 1010 794 deb-«i
1044 767 1053 796 :
1092 750 1334 797 Minoi-‘est
1370 754 1553 800 Serenus

266 834 390 864 meus
411 835 421 863 :
444 818 551 881 quid
581 821 635 865 ad
663 837 754 866 rem
788 821 1012 883 pertinet?
1038 822 1136 883 post
1163 841 1233 869 me
1259 825 1374 870 mori
1399 825 1553 883 debet,

264 888 338 933 sed
369 901 466 934 ante
490 905 560 935 me
589 889 742 952 potest.
775 890 875 953 quia
907 907 996 937 non
1023 892 1127 950 feci,
1154 894 1415 955 imparatum
1440 895 1557 943 subi-

265 973 316 1006 to
339 960 516 1006 fortuna
543 961 758 1023 percuffit.
788 963 919 1008 Nunc
948 963 1119 1026 cogite,
1152 966 1302 1011 omnia
1325 978 1368 1012 et
1392 982 1558 1014 morta-

265 1030 322 1077 lia
347 1031 432 1078 effe
449 1064 463 1086 ‚
483 1044 524 1079 et
544 1033 708 1079 incerta
738 1033 832 1096 lege
859 1035 1073 1081 mortalia.
1101 1036 1248 1083 Hodie
1275 1037 1369 1084 fieri
1393 1034 1556 1101 potest}

265 1106 482 1170 quidquid
502 1124 695 1170 unquam
717 1107 873 1170 potest.
893 1108 1155 1171 Cogitemus
1172 1127 1279 1174 ergo
1293 1148 1305 1170 ‚
1327 1114 1462 1160 Lucili
1482 1130 1557 1160 ca-

267 1175 460 1233 ristium,
492 1177 582 1224 cito
608 1194 690 1224 nos
722 1193 778 1224 eo
817 1192 1135 1240 perventuros,
1170 1199 1261 1243 quo
1296 1183 1417 1228 illum
1454 1201 1556 1246 per-

269 1247 435 1296 veniffe
465 1266 729 1296 moeremus.
761 1253 813 1296 Et
841 1249 1018 1297 fortasse
1050 1251 1120 1315 (fi
1147 1255 1291 1299 modo
1314 1254 1558 1316 sapientum

269 1337 375 1366 vera
408 1320 521 1366 fama
554 1321 638 1378 eff,
673 1321 921 1385 recipitque
947 1338 1030 1368 nos
1055 1323 1179 1390 loeus
1198 1324 1393 1389 aliquis)
1426 1343 1558 1391 quem

271 1404 475 1456 putamus
498 1392 654 1456 periffe
671 1428 687 1452 ‚
719 1393 978 1457 praemissus
1003 1395 1078 1444 est.

539 1532 576 1577 E
611 1545 638 1578 P
673 1547 691 1579 1
725 1546 748 1579 s
783 1548 815 1580 T
851 1546 885 1580 o
922 1548 951 1581 L
984 1547 1030 1598 A.
1098 1535 1295 1597 LX'IV.

279 1660 337 1720 Q.
367 1660 507 1704 Sextii
537 1662 727 1706 laudatio
745 1695 758 1717 ,
789 1659 831 1708 ἃ
856 1662 982 1725 ipfius
1012 1662 1156 1708 deinde
1177 1664 1438 1724 Sapientiae.
1471 1666 1558 1708 Ve-

338 1748 433 1778 teres
465 1734 550 1779 eius
580 1733 759 1781 auflores
787 1737 1040 1782 venerandos
1063 1770 1076 1795 ,
1103 1734 1146 1782 G·
1175 1754 1255 1790 nos
1286 1753 1425 1782 tamen
1446 1734 1558 1800 poffi':

337 1806 522 1852 adiicere.

275 1912 500 2027 FUISTI
530 1978 624 2026 heri
654 1978 899 2028 nobiscum.
936 1983 1066 2032 Potes
1094 1980 1244 2046 queri,
1273 1979 1304 2027 fi
1333 1979 1430 2028 heri
1460 1990 1557 2027 tan-

275 2064 399 2100 tum:
426 2055 528 2100 ideo
553 2053 721 2110 adieci,
751 2053 979 2101 nobiscum
1009 2074 1019 2102 :
1053 2072 1225 2104 mecum
1250 2053 1368 2102 enirn
1392 2053 1562 2117 semper

275 2144 333 2174 es.¹
361 2127 688 2175 Intervenerant
720 2127 896 2191 quidam
924 2129 1085 2186 amici,
1112 2141 1299 2192 propter
1325 2143 1438 2191 quos
1466 2143 1562 2174 ma-

275 2199 348 2247 ior
380 2201 527 2247 fumus
553 2200 677 2247 fieret
704 2218 714 2247 :
747 2217 839 2248 non
867 2201 938 2248 hic
967 2201 1043 2264 qui
1073 2216 1303 2263 erumpere
1335 2216 1389 2246 ex
1421 2199 1564 2245 lauto-

278 2291 378 2321 rum
409 2273 560 2321 culinis
576 2310 588 2331 ,
612 2285 655 2320 et
680 2287 842 2321 terrere
873 2274 1025 2337 vigiles
1055 2273 1193 2320 solet:
1221 2272 1293 2319 sed
1319 2270 1392 2318 hic
1416 2270 1563 2317 modi·

281 2365 380 2404 cus,
406 2350 481 2411 qui
517 2349 710 2412 hospites
746 2348 908 2396 venisse
935 2346 1206 2412 significaret.
1249 2346 1406 2393 Varius
1435 2345 1564 2392 nobis
1600 2374 1606 2375 ff

283 2424 427 2472 sermo
457 2426 563 2484 fuit,
591 2442 638 2475 ut
673 2427 718 2474 in
749 2426 992 2483 convivi0‚
1017 2424 1177 2470 nullam
1216 2440 1310 2470 rem
1341 2420 1475 2484 usque
1507 2420 1564 2466 ad

284 2499 450 2547 exitum
471 2501 692 2549 adducens
709 2536 724 2562 ,
754 2501 828 2548 sed
853 2498 1029 2548 aliunde
1054 2497 1146 2546 alio
1172 2495 1421 2545 tranfiliens.
1452 2494 1562 2542 Lec-
