1807 3004
314 203 399 232 ιη
566 186 613 233 L.
659 185 954 231 ANNAEI
1006 185 1361 258 SENECAE

305 293 385 342 tibi
407 293 523 341 viam
546 292 664 339 dabit
683 291 970 354 philosophia.
992 293 1043 338 ad
1067 293 1180 340 hanc
1200 306 1241 340 te
1261 292 1440 350 confer,
1462 293 1491 340 fi
1516 293 1584 343 vis

308 366 449 414 salvus
474 365 556 412 effe
570 401 583 423 ,
605 365 634 410 fi
655 364 826 411 securus
843 401 854 421 ,
874 363 901 410 si
923 365 1098 412 beatus:
1126 365 1314 429 denique
1331 366 1360 412 si
1381 367 1448 414 vis
1472 368 1585 426 effe‘,

309 440 432 503 quod
452 438 510 485 est
530 437 793 494 maximum,
811 435 934 482 liber.
954 437 1054 484 Hoc
1078 438 1332 502 contingere
1355 439 1474 485 aliter
1494 457 1584 486 non

309 511 467 576 potest.
508 508 696 556 Humilis
730 525 799 556 res
831 508 891 555 est
921 508 1094 555 stultitia
1115 545 1128 566 ‚
1158 510 1320 557 abieEta
1339 546 1353 567 ‚
1385 512 1586 567 sordida,

308 583 472 631 servilis
489 618 501 640 ,
521 582 664 627 multis
684 579 904 627 affeffibus
922 592 963 627 et
988 580 1236 628 saevissimis
1261 582 1459 630 subieeta.
1488 584 1584 629 Hos

309 671 396 703 tam
420 671 574 720 graves
603 653 837 711 dominos,
866 652 1083 699 interdum
1105 653 1276 700 alternis
1293 655 1586 718 imperantes,

308 729 526 775 interdum
561 726 747 789 pariter,
776 725 954 772 dimittit
977 743 998 771 a
1024 740 1067 772 te
1096 726 1331 788 sapientia,
1355 744 1464 790 quae
1497 728 1587 774 sola

309 799 486 845 libertas
515 797 588 844 est.
618 800 718 844 Una
748 797 801 842 ad
828 797 938 844 hanc
966 795 1050 842 fert
1071 797 1168 854 via,
1190 808 1232 842 et
1254 798 1433 860 quidem
1456 800 1586 847 reela.

310 889 399 917 non
422 870 672 935 aberrabisf
700 870 812 917 vade
843 885 965 916 certo
995 870 1143 932 gradu.
1172 870 1215 916 Si
1246 862 1311 917 vis
1339 871 1417 917 tibi
1437 873 1587 919 omnia

310 946 546 1003 subiicere,
573 957 615 991 te
635 943 792 990 subiice
812 942 985 990 rationi.
1003 943 1164 990 multos
1183 960 1303 1007 reges
1318 981 1331 1001 ,
1357 944 1385 989 si
1405 945 1516 992 ratio
1543 960 1588 994 te

307 1019 480 1065 rexerit.
502 1018 570 1064 Ab
588 1016 657 1063 illa
683 1015 837 1071 disces,
858 1015 963 1078 quid
981 1030 1024 1062 et
1042 1017 1415 1078 quemadmodum
1435 1033 1587 1080 aggre-

309 1093 353 1139 di
375 1091 559 1138 debeas':
586 1107 676 1136 non
701 1090 864 1136 incides
888 1089 1030 1135 rebus.
1057 1089 1289 1136 Neminem
1312 1090 1421 1136 mihi
1444 1091 1587 1149 dabis,

307 1165 383 1226 qui
399 1163 502 1211 sciat
521 1163 754 1227 quomodo
768 1163 888 1226 quod
907 1162 998 1208 vult
1017 1163 1211 1224 coeperit
1226 1163 1348 1209 velle.
1366 1179 1457 1209 non
1479 1180 1591 1210 con·

309 1237 404 1282 filio
439 1236 649 1282 adductus
684 1236 800 1291 ullo,
831 1234 903 1280 sed
932 1235 1097 1295 impetu
1118 1235 1345 1297 *impactus
1373 1236 1445 1284 est.
1480 1238 1587 1283 Non
1635 1279 1637 1281 .
1680 1234 1692 1242 ”

310 1309 454 1355 minus
481 1308 605 1370 saepe
636 1307 811 1353 fortuna
837 1306 881 1352 in
911 1323 992 1353 nos
1020 1307 1233 1364 incurrit,
1260 1325 1391 1370 quam
1425 1325 1506 1354 nos
1542 1309 1588 1356 in

308 1382 440 1427 illam.
464 1383 617 1444 Turpe
635 1380 696 1427 est
722 1397 812 1425 non
834 1378 1010 1437 ire‚.sed
1028 1378 1157 1426 ferri:
1182 1392 1224 1426 et
1243 1381 1408 1435 subito,
1427 1381 1472 1428 in
1491 1399 1588 1429 me-

310 1458 386 1503 dio
419 1458 589 1505 turbine
622 1473 769 1504 rerum
802 1455 1072 1519 stupentem,
1103 1472 1340 1521 quaerere:
1370 1457 1470 1505 Huc
1499 1473 1587 1521 ego

308 1530 687 1592 quemadmodum
715 1530 848 1579 veni?

509 1657 986 1704 EPISTOLA
1070 1656 1394 1703 XXXVIII.

311 1783 535 1843 Praecepta
562 1783 685 1828 utilia
710 1783 766 1826 ad
796 1783 1087 1842 Sapientiam,
1113 1782 1246 1842 magis
1272 1799 1395 1841 quam
1420 1779 1590 1844 Diffir-

378 1859 556 1902 tationes
571 1857 695 1917 fhepe
722 1853 803 1920 effi.
836 1858 917 1900 Illa
947 1858 1107 1916 irrepere
1134 1856 1180 1899 in
1211 1856 1426 1913 animum,
1459 1853 1501 1901 ὃ
1516 1856 1592 1915 se·-

377 1931 509 1975 mi-zis
533 1932 655 1975 modo
669 1929 921 1991 frui-{ficare
949 1926 991 1975 ‘fi'
1016 1927 1216 1992 dffundi.

240 2142 247 2151 .
314 2037 452 2153 Μ
468 2116 657 2150 ERITo
687 2101 855 2166 exigis,
879 2117 928 2149 ut
950 2102 1039 2149 hoc
1065 2102 1177 2148 inter
1202 2118 1282 2149 nos
1311 2100 1591 2164 epistolarum

313 2177 633 2224 commercium
663 2175 1008 2240 frequentemus.
1036 2176 1277 2222 Plurimum
1300 2174 1478 2238 proficit
1500 2174 1594 2220 ser-

315 2269 412 2310 mo,
440 2249 517 2315 Qui
542 2252 789 2298 minutatim
820 2250 1037 2314 irrepserit
1063 2250 1227 2297 animo.
1258 2249 1592 2312 Disputationes

314 2336 594 2387 praeparatae
606 2360 620 2381 ‚
645 2337 688 2371 et
707 2323 864 2370 effusae
883 2323 1082 2370 audiente
1100 2322 1273 2385 populo
1288 2358 1302 2381 ,
1320 2322 1416 2385 plus
1432 2321 1593 2367 habent

315 2395 544 2458 strepitus,
570 2396 713 2442 minus
747 2394 1059 2442 familiaritatis.
1107 2393 1387 2456 Philosophia
1420 2394 1592 2439 bonum

318 2468 545 2517 consilium
557 2467 639 2516 est:
652 2467 882 2516 consilium
894 2483 1026 2515 nemo
1038 2467 1231 2516 clamore
1243 2466 1329 2515 dat,
1338 2464 1591 2530 Aliquando
