1797 2956
304 200 392 244 182
558 199 603 244 L.
654 197 949 242 ANNAEI
1001 197 1357 245 SENECAE

293 306 611 352 exsperationes
632 317 858 367 parentum
878 306 1112 353 crevimus.
1138 307 1381 355 Exaudiant
1400 325 1580 372 quoque

293 379 355 428 dii
384 379 575 423 nostram
606 395 688 439 pro
726 377 846 424 votis
873 394 1032 424 vocem
1062 381 1303 441 gratuitam.
1334 381 1580 444 Quousque

293 450 524 511 poscemus
551 449 715 511 aliquid
735 450 866 506 deos,
897 449 1015 512 quasi
1043 453 1238 499 nondum
1265 454 1342 516 ipsi
1363 455 1476 501 aiere
1498 469 1581 500 nos

292 520 534 581 possimus?
574 520 799 582 Quamdiu
829 521 1066 568 sationibus
1097 523 1375 585 implebimus
1403 542 1578 588 magna-

292 612 389 639 rum
420 593 594 641 urbium
627 595 844 657 campos?
875 596 1083 658 quamdiu
1112 598 1241 644 nobis
1271 600 1460 661 populus
1485 616 1579 646 me·-

290 667 390 714 tet?
418 669 628 730 quamdiu
650 668 778 714 unius
800 668 967 714 mensae
994 668 1261 716 frumentum
1291 671 1426 717 multa
1452 671 1581 718 navi-

291 740 359 802 gia
372 775 386 795 ‚
411 753 453 787 et
470 740 649 803 quidem
669 757 760 786 non
779 758 832 786 ex
851 757 941 787 uno
960 742 1094 800 mari,
1114 741 1388 788 subvehent?
1406 743 1581 791 Taurus

293 811 655 874 paucissimorum
684 812 882 875 iugerum
914 814 1082 876 pascuis
1108 813 1341 875 impletur:
1368 830 1452 859 una
1477 813 1580 859 silva

292 885 533 947 elephantis
562 886 756 947 pluribus
784 886 937 937 sufficit
961 905 971 933 :
1000 888 1140 934 homo
1164 900 1207 933 et
1233 901 1345 935 terra
1366 886 1581 948 pascitur,

291 971 335 1004 et
363 959 485 1005 mari.
512 959 636 1018 Quid
668 960 802 1022 ergo?
833 973 921 1006 tam
953 959 1235 1006 insatiabilem
1263 959 1393 1004 nobis
1425 973 1580 1007 natura

290 1033 438 1078 alvum
463 1034 601 1089 dedit,
634 1050 731 1079 cuni
762 1047 850 1078 tam
876 1033 1051 1079 modica
1077 1049 1267 1094 corpora
1297 1033 1579 1090 dediffet„ut

292 1107 627 1155 vastiffimomm
657 1108 1096 1171 edaciffimorumque
1121 1108 1373 1154 animalium
1395 1109 1582 1156 avidita-

291 1194 379 1228 tem
402 1182 706 1228 vinceremus?
730 1181 927 1226 minime.
946 1181 1222 1240 Quantulum
1245 1180 1305 1226 est
1322 1181 1440 1226 enim
1454 1181 1578 1244 quod

292 1267 467 1302 naturae
482 1255 634 1305 datur?
656 1270 799 1317 parvo
816 1253 885 1298 illa
905 1253 1154 1305 dimittitur.
1171 1254 1277 1298 Non
1296 1251 1432 1299 fames
1450 1254 1579 1300 nobis

293 1327 460 1374 ventris
486 1325 621 1372 nostri
648 1341 811 1388 magno
830 1324 1025 1382 constat,
1054 1324 1127 1371 sed
1152 1324 1349 1371 ambitio.
1377 1325 1473 1371 Hos
1493 1324 1578 1370 ita-.-

292 1418 380 1462 que
410 1399 488 1464 (ut
519 1400 576 1446 ait
607 1398 854 1459 Sallustius)
877 1397 1018 1444 ventri
1043 1396 1299 1444 obedientes
1323 1397 1577 1445 animalium

293 1474 400 1520 loco
422 1490 698 1519 numeremus
713 1510 725 1529 ‚
749 1488 839 1518 non
862 1471 1093 1518 hominum
1116 1492 1123 1515 :
1147 1470 1358 1534 quosdam
1386 1486 1498 1518 vero
1521 1487 1576 1517 ne

292 1546 544 1593 animaiium
563 1546 741 1608 quidem
758 1581 771 1601 ‚
795 1544 867 1591 sed
885 1559 1180 1590 mortuorum.
1202 1542 1331 1589 Vivit
1348 1542 1406 1598 is,
1438 1541 1517 1605 qui
1535 1541 1578 1588 se

291 1618 428 1664 utitur
448 1636 458 1663 :
480 1617 554 1677 qui
574 1634 685 1664 vero
704 1617 870 1673 latitant
886 1629 930 1662 et
947 1628 1146 1679 torpent,
1166 1615 1223 1662 fic
1241 1615 1285 1661 in
1304 1615 1443 1661 domo
1463 1614 1576 1673 sunt,

290 1705 496 1753 tanquam
509 1691 553 1737 in
571 1690 818 1739 conditivo.
836 1692 1010 1736 Horum
1026 1690 1127 1736 licet
1143 1689 1188 1735 in
1204 1689 1355 1736 limine
1375 1689 1469 1751 ipso
1488 1704 1576 1734 noa

290 1780 394 1811 meu
414 1765 626 1816 marmori
645 1763 850 1817 inscribas
864 1798 876 1821 ‚
891 1776 1085 1811 mortem
1104 1761 1225 1810 suam
1245 1760 1576 1814 antecefferuntoss

581 1896 1058 1943 EPISTOLA
1135 1893 1282 1940 LXI.

289 2023 521 2069 Emendari
550 2021 593 2068 δ’
618 2025 832 2068 immutari
834 2024 1080 2088 studeamus
1096 2041 1112 2069 .·
1136 2040 1301 2070 mortem
1321 2028 1575 2088 cogitemus,

437 2121 482 2155 ut
490 2105 647 2166 semper
665 2105 939 2156 imminentem
951 2139 965 2165 ‚
985 2103 1028 2158 ᾧ*
1046 2108 1181 2168 utique
1199 2123 1428 2159 venturam.

290 2213 420 2327 D
435 2292 491 2324 Es
504 2292 730 2327 INAMUS
751 2279 875 2343 quod
891 2277 1112 2328 voluimus
1130 2279 1258 2328 velle.
1277 2282 1373 2344 Ego
1392 2291 1508 2329 certe
1521 2279 1571 2329 id

287 2365 372 2410 ago
390 2349 518 2396 senex
533 2387 546 2408 ,
561 2367 652 2397 non
671 2352 823 2398 eadem
843 2351 956 2399 veile
971 2387 984 2409 ,
1007 2368 1116 2415 quae
1131 2369 1239 2415 puer
1255 2352 1395 2400 volui.
1412 2354 1460 2398 In
1479 2352 1571 2401 hoe

223 2458 271 2478 l
285 2437 424 2468 unum
443 2436 546 2470 eunt
566 2423 682 2479 dies,
710 2424 756 2470 in
774 2425 861 2471 hoc
879 2425 1056 2471 noites:
1082 2425 1170 2472 hoc
1189 2442 1304 2488 opus
1319 2441 1463 2472 meum
1481 2423 1542 2470 est
1555 2457 1571 2482 2

283 2492 391 2543 haec
411 2494 626 2557 cogitatio
644 2531 658 2556 ‚
689 2497 919 2560 imponere
939 2497 1160 2548 veteribus
1180 2498 1305 2548 malis
1332 2496 1480 2547 finem.
1514 2496 1567 2548 Id
