1807 3004
262 190 322 248 46
502 186 877 232 LANNAEt
930 185 1281 231 SENECAE

261 294 389 342 vocis
419 292 699 340 contemseris
719 310 729 338 :
752 309 880 356 quam
902 307 1007 339 veto
1030 305 1073 339 te
1093 309 1172 355 per
1199 291 1354 360 gradus
1383 303 1427 339 et
1446 308 1543 339 cei·-

261 382 333 416 tos
351 368 511 414 modos
533 366 732 412 attollere
746 401 759 423 ‚
781 366 937 412 deinde
958 366 1212 427 deprimere.
1233 365 1373 426 Quod
1389 364 1419 410 fi
1439 366 1546 413 velis

261 441 418 486 deinde
452 438 827 503 quemadmodum
864 437 1055 483 ambules
1098 437 1264 483 discere
1289 473 1303 494 ,
1344 437 1547 485 admittes

263 512 388 568 istos,
410 528 521 575 quos
539 527 660 557 nova
689 511 868 556 artificia
890 509 1041 556 docuit
1067 508 1231 557 fames:
1255 510 1338 557 erit
1355 511 1429 573 qui
1449 527 1548 573 gra-

265 588 344 632 dus
371 597 470 631 tuos
488 595 729 644 temperet,
757 594 798 629 ct
816 583 974 628 buccas
999 582 1164 629 edentis
1184 584 1415 637 observet,
1442 599 1484 630 et
1504 584 1547 628 in

264 672 433 705 rantum
462 656 694 719 procedet,
722 656 766 701 in
788 666 1000 718 quantum
1022 655 1114 701 eius
1139 656 1360 702 audaciam
1382 657 1550 716 patiens

268 734 353 780 tiae
384 729 636 778 credulitate
664 728 940 790 produxeris.
971 728 1095 787 Quid
1125 726 1271 790 ergo?
1302 743 1326 771 a
1359 728 1550 772 clamore

269 804 470 868 protinus
497 817 539 850 et
563 820 585 848 a
612 803 778 848 summa
810 802 1095 847 contentione
1115 817 1207 846 vox
1234 812 1305 845 tua
1334 799 1553 861 incipiet?

269 879 420 942 Usque
439 877 552 923 adeo
572 875 761 921 naturale
779 873 839 920 est
853 910 866 931 ‚
883 873 1089 934 paulatim
1105 872 1300 926 incitari,
1321 883 1366 917 ut
1381 872 1555 934 litigan-

271 965 336 999 tes
362 967 540 1014 quoque
567 967 590 995 a
614 948 812 995 sermone
842 946 1076 1006 incipiant,
1106 948 1160 991 ad
1186 944 1555 991 vociferationem

270 1025 497 1072 transeant.
531 1039 663 1068 nemo
715 1020 851 1066 statim
897 1020 1136 1080 Quiritium
1173 1019 1303 1065 fidem
1335 1018 1559 1080 implorat.

272 1100 389 1160 Ergo
407 1108 631 1157 utcunque
648 1093 728 1140 tibi
748 1093 934 1154 impetus
954 1091 1087 1137 animi
1108 1090 1279 1137 §itaserit
1293 1127 1305 1148 ‚
1322 1091 1460 1137 modo
1480 1105 1560 1137 ve-

272 1169 516 1218 hementius
536 1167 607 1214 fac
622 1167 742 1213 vitiis
759 1166 1016 1213 convicium
1038 1202 1049 1222 7
1067 1166 1206 1211 modo
1232 1165 1412 1219 lentius,
1430 1177 1563 1226 prout

274 1261 370 1290 vox
390 1243 570 1305 ctuoq‘ue
587 1254 631 1287 te
648 1241 895 1286 hortabitur
915 1254 958 1285 et
979 1240 1101 1284 latus.
1123 1237 1319 1285 Modesta
1335 1275 1347 1295 ,
1368 1255 1468 1284 cum
1492 1253 1566 1283 re-

275 1316 443 1379 ceperis
473 1314 589 1360 illam
608 1312 917 1374 revocatisque
933 1348 947 1370 ,
966 1311 1222 1366 descendat,
1252 1328 1343 1357 non
1365 1310 1534 1357 decidat
1552 1327 1564 1356 t

275 1386 568 1435 moderatoris
595 1384 656 1432 sui
675 1399 1069 1447 temperamentum
1090 1384 1265 1438 habeat,
1287 1400 1367 1429 nec
1384 1383 1565 1429 indocto

278 1478 322 1510 et
351 1460 514 1508 rustico
548 1476 676 1506 more
706 1459 939 1505 desaeviat.
971 1461 1075 1504 Non
1106 1457 1220 1503 enim
1255 1458 1298 1502 id
1324 1457 1489 1519 agitur,
1520 1468 1569 1503 ut

278 1545 532 1582 exerceatur
563 1549 686 1589 vox,
721 1531 792 1576 sed
822 1543 871 1577 ut
901 1542 1112 1578 exerceat.
1148 1529 1334 1575 Detraxi
1368 1529 1446 1574 tibi
1477 1546 1567 1575 non

280 1607 477 1670 pusillum
508 1604 785 1669 negotiantis-¹
809 1603 1087 1658 mercedula,
1122 1615 1163 1649 et
1196 1618 1350 1647 munus
1375 1613 1571 1663 gratum,

280 1681 334 1726 ad
356 1680 460 1726 haec
482 1677 698 1725 beneficia
716 1678 912 1723 accedet.
950 1678 1064 1722 Ecce
1090 1675 1254 1737 insigne
1275 1687 1570 1735 praeceptum.

282 1752 408 1800 Stulti
434 1751 525 1799 vita
551 1751 718 1814 ingrata
741 1748 831 1803 est,
863 1748 1034 1811 trepida
1056 1746 1147 1810 est,
1180 1758 1273 1791 tota
1303 1746 1345 1790 in
1377 1745 1572 1792 futurum

284 1825 433 1871 fertur.
472 1823 580 1883 Quis
619 1823 755 1877 haec,
791 1821 966 1886 inquis,
999 1821 1135 1867 dicit?
1171 1821 1290 1865 Idem
1327 1819 1403 1882 qui
1437 1818 1575 1880 supra.

289 1899 435 1957 Quam
462 1910 510 1942 tu
543 1912 658 1941 nunc
685 1895 822 1943 vitam
851 1895 938 1940 dici
963 1892 1178 1942 existimas
1206 1891 1406 1938 stultam?
1438 1891 1576 1936 Babae

285 1984 329 2018 et
348 1968 539 2015 Ixionis?
558 1970 664 2015 Non
683 1969 743 2014 ita
762 1967 836 2014 est.
855 1969 1001 2016 nostra
1016 1970 1174 2016 dicitur
1194 1986 1205 2013 ε
1225 1983 1336 2030 quos
1356 1983 1480 2013 caeca
1499 1984 1576 2012 cu-

288 2044 445 2107 piditas
463 2042 508 2088 in
526 2041 748 2099 nocitura,
783 2049 900 2090 certe
927 2060 1150 2106 nunquam
1168 2036 1390 2093 satiatura,
1410 2041 1579 2102 praeci-

290 2117 398 2180 pitat
415 2134 426 2163 :
446 2116 604 2180 quibus
624 2114 655 2160 fi
673 2115 780 2177 quid
798 2115 896 2161 satis
919 2115 1003 2162 esse
1019 2114 1161 2177 posset
1175 2150 1188 2171 ‚
1204 2113 1372 2160 fuiffet:
1393 2112 1468 2176 qui
1486 2129 1579 2158 non

291 2190 534 2254 cogitamus
563 2204 693 2252 quam
722 2188 968 2234 iucundum
1001 2188 1050 2233 sit
1079 2186 1186 2233 nihil
1208 2186 1417 2249 poscere,
1444 2200 1578 2247 quam

296 2279 365 2309 ma
373 2260 580 2326 gnificum
597 2259 647 2306 sit
664 2259 844 2322 plenum
862 2260 948 2309 effe
963 2293 978 2316 ,
1000 2276 1082 2307 nec
1101 2277 1157 2306 ex
1177 2258 1357 2304 fortuna
1376 2256 1581 2318 pendere.

294 2336 486 2382 Subinde
517 2335 692 2398 itaque,
715 2334 875 2393 Lucili,
902 2321 1034 2397 quam
1061 2332 1193 2377 multa
1218 2331 1271 2377 fis
1302 2328 1580 2385 consecutus,

294 2410 531 2459 recordare
552 2428 563 2454 :
585 2427 689 2458 cum
713 2409 955 2472 adspexeris
984 2421 1092 2472 quot
1121 2420 1164 2454 te
1187 2405 1444 2452 antecedant
1460 2439 1473 2459 ,
1499 2419 1583 2449 co-

295 2485 381 2550 gita
400 2497 513 2550 quot
537 2486 784 2550 sequantur.
803 2484 848 2532 Si
867 2484 935 2535 vis
954 2497 1102 2547 gratus
1118 2480 1201 2529 effe
1222 2478 1426 2532 adversus
1445 2479 1551 2526 deos
1566 2510 1602 2538 ,-
