1807 3004
589 211 1166 256 EPISTOLAE.
1306 237 1308 239 -
1455 227 1514 275 39

237 320 344 366 Non
371 318 415 364 in
450 316 671 364 diversum
691 328 732 363 te
753 333 776 363 a
800 328 949 364 natura
973 331 1044 364 tua
1077 316 1275 365 ducimus
1297 335 1307 364 :
1332 330 1451 364 natus
1472 335 1517 366 es

239 393 293 438 ad
320 390 396 436 ista
425 406 533 453 quae
556 389 755 436 dicimus.
787 392 853 436 Eo
884 390 1016 453 magis
1044 391 1213 438 bonum
1237 403 1358 438 tuum
1380 408 1515 454 auge,

238 476 282 511 et
305 480 481 510 exorna.
510 464 592 509 Sed
613 463 696 508 iam
729 462 858 509 finem
878 463 1085 525 epistolae
1110 463 1292 521 faciam,
1312 464 1340 509 si
1359 463 1419 509 illi
1438 464 1518 526 fig-

240 553 349 583 num
371 536 491 582 suum
525 535 779 598 impressero
802 554 813 581 z
835 536 878 583 id
905 535 995 593 est,
1022 535 1207 598 aliquam
1241 535 1518 599 magnificam

241 624 401 655 vocem
430 607 731 670 perferendam
761 609 814 654 ad
843 623 885 654 te
925 609 1208 656 mandavero.
1240 612 1356 655 Inter
1378 619 1520 656 cetera

240 682 380 738 mala,
404 683 490 728 hoc
519 697 700 744 quoque
722 681 851 728 Habet
877 682 1049 728 stultitia
1078 683 1328 745 proprium,
1353 683 1520 745 semper

241 753 394 815 incipit
418 753 588 800 vivere.
609 752 846 800 Considera
865 755 969 817 quid
986 771 1079 800 vox
1098 754 1172 801 issa
1191 754 1425 817 significet,
1446 760 1522 800 Lu·

242 826 314 873 cili
331 826 533 873 virorum
552 825 745 888 optime:
770 838 812 872 et
827 827 1039 891 intelliges
1059 845 1188 891 quam
1212 828 1344 875 foeda
1370 828 1417 874 slt
1438 828 1522 873 ho-

241 901 411 947 minum
432 900 583 947 levitas
598 932 611 955 ‚
638 900 836 963 quotidie
865 917 984 948 nova
1004 901 1118 948 vitae
1138 900 1418 947 fundamenta
1437 917 1522 962 po-

242 972 466 1029 nentium,
505 989 647 1020 novas
683 973 778 1034 spes
810 973 940 1020 etiam
978 973 1023 1018 in
1055 973 1172 1019 exitu
1206 973 1522 1020 inchoantium.

243 1045 542 1108 Circumspice
576 1058 721 1093 tecum
756 1045 958 1108 singulos.
988 1058 1222 1094 occurrent
1256 1046 1336 1092 tibi
1369 1045 1522 1101 senes,

243 1120 319 1183 qui
352 1121 392 1166 se
424 1136 522 1165 cum
555 1119 744 1166 maxime
771 1120 825 1165 ad
854 1120 1137 1166 ambitionem
1159 1154 1173 1176 ,
1199 1119 1253 1165 ad
1273 1119 1524 1181 peregrina-

242 1192 385 1240 tiones
402 1227 415 1247 ,
433 1192 487 1238 ad
515 1193 826 1256 negotiandum
847 1205 1013 1255 parent.
1042 1192 1164 1252 Quid
1189 1191 1249 1238 est
1266 1202 1407 1237 autem
1429 1204 1523 1238 tur-

243 1266 361 1328 pius,
382 1282 511 1328 quam
533 1266 660 1312 senex
689 1265 841 1312 vivere
864 1266 1075 1327 incipiens
1095 1266 1113 1312 ?
1153 1267 1261 1311 Non
1289 1266 1522 1313 adiicerem

243 1340 464 1393 aufiorem
501 1339 600 1387 huic
629 1339 758 1394 voci,
797 1338 873 1384 nisi
903 1338 1005 1385 esset
1034 1339 1264 1395 secretior,
1295 1356 1377 1385 nec
1409 1340 1523 1386 inter

245 1412 422 1476 vulgata
455 1412 632 1475 Epicuri
651 1413 764 1458 dicia
782 1447 796 1472 ‚
825 1429 936 1476 quae
957 1413 1064 1460 mihi
1088 1424 1132 1459 et
1150 1413 1353 1471 laudare2
1382 1424 1424 1459 et
1448 1413 1525 1459 ad-

247 1498 397 1551 optare
420 1486 610 1549 permifi.

519 1618 993 1663 EprsToLA
1086 1617 1256 1664 XIV.

248 1746 562 1809 Prudentiffi'ma
591 1748 767 1812 epistola.
806 1748 955 1792 Monet
981 1747 1155 1805 corporis
1179 1747 1361 1807 vitaeque
1385 1764 1524 1792 curam

313 1821 542 1864 hahendam
559 1854 572 1875 ‚
588 1820 667 1878 fid
692 1838 778 1864 non
801 1820 996 1863 nimiam.
1037 1820 1184 1863 Timeri
1205 1834 1339 1864 autem
1369 1822 1526 1879 corpori

313 1886 392 1928 tria
403 1919 415 1941 ‚
432 1887 670 1945 Pauperiem
684 1919 697 1942 ,
713 1886 906 1940 Morbos,
931 1887 975 1925 V
972 1885 1182 1928 iolemiam
1196 1902 1210 1929 .·
1226 1885 1406 1929 maxime
1420 1887 1528 1929 hanc:

315 1959 533 2013 ultimam,
559 1975 660 2017 quae
689 1976 716 2001 a
738 1957 977 2017 potentibus
1008 1956 1083 2020 est,
1116 1971 1188 2001 aut
1220 1958 1432 2017 tyrannis.
1462 1960 1527 2002 Ut

316 2046 403 2074 non
430 2030 579 2075 timeas
593 2064 607 2085 ‚
629 2031 712 2074 tria
745 2031 924 2075 vitemur
939 2045 955 2073 .·
979 2029 1135 2072 Odium
1149 2062 1163 2085 ‚
1183 2030 1354 2073 Invidia
1368 2063 1381 2086 ‚
1414 2030 1529 2072 Con-

317 2119 477 2149 temtus.
507 2105 724 2165 Quomodo
751 2117 883 2149 autem
897 2136 913 2162 ,
941 2103 1162 2163 Sapientia
1179 2104 1284 2147 dicet
1302 2119 1318 2147 .·
1339 2099 1381 2147 ὃ·
1398 2102 1530 2151 brevi-t

317 2191 377 2222 ter
407 2177 503 2237 ipfi.

256 2299 519 2414 FATEOR
539 2365 703 2412 insitam
729 2365 813 2412 effe
840 2365 966 2413 nobis
988 2365 1190 2428 corporiS
1214 2363 1348 2412 nostri
1368 2363 1531 2412 'carita-³

252 2451 371 2484 tem:
392 2438 531 2484 fateor
553 2455 634 2484 nos
659 2438 787 2484 huius
816 2455 968 2502 gerere
987 2439 1164 2484 tutelam
1185 2456 1195 2483 :
1217 2454 1307 2484 non
1335 2453 1450 2500 nego
1467 2436 1535 2482 in-

257 2510 521 2574 dulgendum
551 2510 636 2571 illi,
660 2511 938 2561 serviendum
962 2527 1092 2575 nego.
1119 2510 1267 2621 Migtis
1293 2509 1411 2556 eni-m
1441 2507 1532 2555 ser·

1254 2591 1286 2635 4
