1807 3004
496 186 1075 235 EPISTOLAE.
1363 186 1418 246 53

151 297 202 345 lis
216 296 297 351 est,
317 296 369 342 ad
384 291 457 341 ista
476 310 565 339 non
582 307 817 353 properare
838 304 1044 354 tanquam
1060 289 1113 337 ad
1128 289 1308 337 meliora
1321 327 1332 347 ‚
1353 291 1428 338 sed

153 385 406 433 praeparare
423 379 626 427 tanquam
648 363 702 410 ad
719 361 872 409 faciiia.
890 365 941 408 Et
957 362 1067 417 sum,
1086 362 1237 418 Lucili,
1253 361 1423 410 facilia:

155 460 257 490 cum
285 457 395 487 vero
417 438 558 484 multo
587 449 684 483 ame
710 435 937 482 meditatus
963 433 1186 481 accesseris
1204 470 1218 492 ‚
1236 434 1427 481 iucunda

157 530 351 577 quoque.
392 510 501 558 Inest
532 510 650 556 enim
678 509 786 562 illis,
814 508 901 554 fine
930 524 1017 570 qua
1049 506 1156 552 nihil
1185 505 1245 553 est
1272 507 1430 553 iucun-

156 589 292 645 dum,
319 584 534 633 securitas.
570 581 865 629 Neceffarium
894 597 999 643 ergo
1026 580 1178 627 iudico
1206 580 1277 638 id,
1310 581 1434 644 quod

157 660 235 706 tibi
265 658 409 720 scripfi
439 672 622 719 magnos
654 656 779 703 viros
806 653 928 716 saepe
955 652 1128 710 feciffe,
1156 653 1323 717 aliquos
1343 654 1433 701 dies

158 730 462 793 interponere,
496 727 652 790 quibus
680 741 763 772 nos
793 723 1044 787 imaginaria
1073 737 1325 787 paupertate
1355 743 1435 772 ex·-

157 818 380 849 erceamus
404 801 455 847 ad
476 815 625 848 veram
646 816 657 844 :
687 798 810 860 quod
832 813 888 844 eo
910 797 1044 860 magis
1071 796 1319 844 faciendum
1349 798 1436 855 est,

160 875 282 938 quod
308 873 472 940 deliciis
493 872 841 935 permaduimus,
867 882 908 916 et
939 870 1087 916 omnia
1116 871 1222 916 dura
1248 886 1297 916 ac
1318 871 1435 916 diffi-

161 945 258 992 cilia
285 944 539 991 iudicamus.
567 944 715 990 Potius
740 943 992 990 excitandus
1011 960 1034 989 e
1061 943 1246 1000 somno,
1272 955 1314 990 et
1341 946 1437 992 vel-

161 1020 358 1066 licandus
375 1019 434 1066 est
466 1018 660 1075 animus,
685 1018 1074 1080 admonendusque
1095 1033 1289 1065 naturam
1309 1018 1438 1065 nobis

163 1090 397 1138 minimum
414 1090 695 1138 constituiffe.
712 1092 860 1137 Nemo
878 1091 1065 1138 nascitur
1084 1090 1220 1138 dives.
1240 1091 1437 1155 quisquis
1459 1100 1461 1102 ’

162 1162 254 1210 exit
273 1163 316 1209 in
339 1164 482 1211 lucem
500 1199 514 1221 ‚
537 1162 670 1210 iufi'us
690 1163 751 1210 est
775 1163 881 1211 la&
905 1175 947 1210 et
977 1179 1123 1226 panno
1142 1163 1228 1212 effe
1253 1177 1437 1212 conten-

161 1246 240 1282 tus.
269 1235 323 1281 ab
352 1234 417 1282 his
447 1233 583 1281 initiis
602 1250 682 1280 nos
700 1249 829 1296 regna
854 1249 943 1279 non
965 1233 1156 1296 capiunt.
1440 1245 1446 1247 *

446 1365 922 1410 EPISTOLA
999 1363 1160 1411 XXI.

171 1490 217 1532 V
214 1504 320 1532 erum
329 1486 588 1547 splendorem
608 1506 635 1532 a
647 1487 924 1548 philosophia,
943 1505 1032 1532 non
1049 1489 1102 1532 αἱ·
1123 1490 1347 1538 honoribus
1365 1509 1442 1540 aut

230 1563 367 1606 titulis
390 1558 471 1624 effe.
492 1562 612 1605 Dare
634 1562 750 1604 illam
768 1577 918 1604 nomen
938 1560 1176 1618 manficrum
1199 1561 1241 1607 G*
1252 1565 1440 1623 famam,

229 1636 396 1678 habenti
407 1652 426 1688 ;
457 1630 498 1678 ξφ
524 1633 765 1677 adhaerenti
799 1650 964 1693 quoque.
1000 1635 1219 1679 Emhlema
1246 1639 1298 1680 ab
1328 1640 1442 1700 Epi=

234 1725 327 1754 curo
347 1726 362 1754 .·
388 1711 452 1754 Ut
476 1709 647 1754 divitias
678 1725 855 1769 augeas,
884 1708 1128 1768 cupiditates
1164 1712 1314 1760 minue.

175 1831 386 1949 CUM
410 1896 497 1944 istis
524 1895 749 1961 negotium
782 1894 862 1942 tibi
891 1895 976 1941 effe
998 1896 1182 1955 iudicas,
1209 1899 1263 1945 de
1288 1900 1446 1963 quibus

171 1968 425 2031 scripseras?
451 1969 688 2015 maximum
716 1968 943 2029 negotium
972 1980 1116 2015 tecum
1147 1970 1303 2018 habes:
1329 1986 1374 2018 tu
1393 1973 1448 2019 ti*³

170 2043 218 2089 bi
250 2043 454 2089 molestus
491 2060 547 2089 es.
594 2043 716 2102 Quid
747 2042 855 2089 velis
886 2043 1018 2088 nescis
1054 2061 1066 2090 t
1105 2046 1254 2091 meiius
1286 2049 1447 2107 probas

170 2117 376 2173 honesta,
403 2136 531 2182 quam
553 2118 754 2182 sequeris.
770 2118 895 2164 vides
921 2119 995 2166 ubi
1015 2120 1063 2166 iit
1089 2121 1224 2183 pofita
1240 2122 1448 2180 felicitas,

172 2190 247 2237 sed
280 2192 332 2236 ad
361 2192 473 2237 illam
505 2193 732 2254 pervenire
765 2208 855 2237 non
891 2194 1034 2238 audes.
1071 2194 1194 2253 Quid
1226 2197 1276 2242 fit
1305 2210 1449 2244 autem

173 2265 297 2325 quod
319 2281 362 2311 te
390 2265 620 2327 impediat,
653 2265 754 2328 quia
772 2282 925 2327 parum
953 2266 1043 2328 ipse
1067 2266 1264 2330 dispicis,
1291 2270 1449 2318 dicam,

173 2336 336 2398 Magna
355 2337 459 2384 haec
475 2336 558 2383 effe
574 2337 810 2394 existimas,
829 2355 940 2400 quae
955 2339 1181 2385 reliffilrus
1197 2357 1266 2389 es:
1287 2358 1328 2387 et
1347 2359 1450 2390 cum

177 2407 440 2470 proposuisti
470 2408 550 2455 tibi
579 2409 698 2455 illam
728 2410 1027 2469 securitatem,
1062 2413 1114 2457 ad
1144 2429 1272 2475 quam
1302 2414 1453 2460 transi-2

155 2491 296 2530 ‘turus
321 2500 393 2542 es,
415 2483 572 2532 retinet
594 2494 637 2531 te
661 2484 789 2531 huius
807 2484 926 2533 vitae
941 2517 955 2542 ,
977 2502 1002 2531 a
1023 2503 1106 2550 qua
1124 2484 1364 2536 recessurus
1382 2505 1452 2547 es,
