1797 2956
327 158 420 218 326
586 158 634 203 L.
678 155 978 202 ANNAEI
1030 154 1380 204 SENECAE

324 275 455 308 venta
479 262 538 308 est
554 299 566 318 ‚
599 261 744 308 similis
777 261 996 307 incendio·
1027 263 1136 308 adeo
1159 261 1334 322 quidem
1356 275 1404 308 ut
1423 261 1606 311 convic-

323 348 415 381 tum
442 336 484 382 in
515 335 663 397 aliquo
694 335 850 383 scelere
884 336 1078 392 servum,
1113 335 1267 382 vivum
1301 335 1435 381 lavari
1463 352 1605 398 opor-

324 423 423 457 teat.
461 410 582 455 Nihil
617 409 724 455 milii
754 408 929 454 videtur
966 407 1052 452 iam
1085 407 1307 465 interesse,
1345 408 1490 455 ardeat
1516 409 1606 455 bal-

322 499 483 536 neum,
519 498 571 526 an
605 481 755 527 caleat.
806 481 1009 538 Quantae
1045 495 1156 525 nunc
1190 479 1323 542 aliqui
1364 479 1609 527 rusticitatis

323 555 533 599 damnant
572 553 846 615 Scipionem,
879 554 996 615 quod
1033 569 1120 597 non
1148 552 1191 596 in
1222 554 1455 599 caldarium
1483 553 1606 600 suum

321 630 416 676 latis
434 629 723 692 specularibus
751 629 866 674 diem
889 626 1143 673 admiserat?
1165 629 1286 690 quod
1306 645 1395 675 non
1412 628 1454 674 in
1477 628 1609 674 multa

321 701 419 748 luce
460 702 817 763 decoquebatur,
855 716 897 746 et
935 700 1206 761 exspeftabat
1233 736 1245 757 ‚
1288 713 1335 745 ut
1372 701 1417 746 in
1453 702 1610 748 balneo

322 780 651 838 concoqueret?
678 779 721 820 O
743 775 967 820 hominem
1000 773 1326 820 calamitosum!
1364 775 1510 822 nesciit
1543 776 1611 821 vi-

322 849 452 896 vere!
486 851 590 897 Non
618 863 768 912 pacata
802 841 911 911 aqua
941 849 1190 904 lavabatur,
1227 848 1298 894 sed
1327 848 1448 910 saepe
1476 849 1612 895 turbi-

322 923 407 979 da,
446 938 490 971 et
525 941 622 971 cum
664 924 830 985 plueret
859 922 1191 979 vehementius,
1229 938 1363 983 paene
1392 922 1614 968 lutulenta.

321 999 426 1057 Nec·
442 998 629 1044 multum
656 997 746 1042 eius
769 996 972 1043 intererat
993 1032 1005 1051 ,
1035 1012 1087 1041 an
1114 995 1171 1041 sic
1193 995 1412 1041 lavaretur
1429 1012 1441 1041 a
1458 995 1613 1041 venie-

322 1071 399 1119 hat
422 1072 536 1117 enim
552 1108 564 1128 ‚
589 1087 637 1118 ut
657 1071 863 1117 sudorem
887 1071 972 1117 illic
994 1070 1214 1127 ablueret,
1237 1085 1326 1115 non
1348 1082 1395 1114 ut
1416 1084 1614 1130 unguen,-

322 1157 431 1189 tum.
464 1145 585 1203 Quas
616 1160 731 1189 nunc
763 1144 1040 1206 quorundam
1075 1140 1239 1186 futuras
1277 1156 1412 1186 voces
1444 1138 1612 1186 credis?

323 1215 434 1260 Non
460 1214 643 1260 invideo
670 1214 867 1276 Scipioni
897 1232 906 1258 :
928 1231 1030 1261 vere
1056 1212 1099 1258 in
1126 1213 1273 1258 exsilio
1293 1213 1428 1269 vixit,
1464 1212 1539 1274 qui
1559 1211 1615 1258 fic

324 1287 566 1333 lavabatur.
596 1289 738 1333 Immo
773 1286 803 1332 fi
841 1286 976 1342 scias,
1023 1302 1115 1331 non
1151 1284 1349 1346 quotidie
1375 1283 1617 1332 lavabatur.

325 1362 442 1406 Nam
458 1396 472 1415 ,
505 1372 554 1405 ut
585 1359 705 1405 aiunt
726 1359 798 1422 qui
821 1358 989 1421 priscos
1009 1375 1154 1404 mores
1179 1358 1296 1403 urbis
1317 1356 1585 1402 tradiderunt
1600 1390 1614 1413 ,

325 1433 505 1480 brachia
543 1445 585 1478 et
619 1450 742 1479 crura
779 1431 980 1495 quotidie
1014 1432 1276 1487 abluebant,
1311 1445 1422 1492 quae
1456 1428 1615 1475 scilicet

328 1506 480 1553 sordes
509 1523 645 1568 opere
670 1505 936 1568 collegerant
958 1523 967 1550 ε
990 1518 1185 1551 ceterum
1216 1502 1299 1550 toti
1326 1502 1530 1548 nundinis
1550 1502 1615 1548 la-

329 1580 559 1625 vabantur.
596 1580 697 1626 Hoc
737 1581 840 1626 loco
877 1580 992 1626 dicet
1029 1578 1207 1641 aliquis,
1241 1577 1376 1639 liquet
1421 1576 1613 1622 immun-

331 1653 527 1699 diffimos
558 1652 694 1698 fuiffe.
729 1653 851 1715 Quid
886 1665 1005 1715 putas
1039 1652 1137 1698 illos
1163 1650 1346 1696 oluiffe?
1389 1649 1614 1707 militiam,

333 1726 559 1783 laborem,
600 1725 763 1773 virum.
796 1726 1029 1788 Postquam
1052 1724 1215 1770 munda
1252 1723 1403 1769 balnea
1435 1723 1615 1769 inventa

333 1799 458 1858 sunt,
489 1798 738 1861 spurciores
773 1799 881 1844 sunt.
908 1797 1219 1859 Descripturus
1246 1795 1453 1841 infamem
1473 1808 1514 1841 et
1545 1795 1613 1840 ni-

333 1872 418 1920 mis
449 1872 687 1918 notabilem
722 1872 885 1918 deliciis
913 1871 1121 1917 Horatius
1150 1869 1326 1917 Flaccus
1347 1904 1361 1926 ,
1394 1868 1502 1932 quid
1522 1867 1613 1917 ait?

468 1982 666 2047 Pastillos
686 1981 871 2039 Rufillus
897 1984 985 2026 olet.

337 2090 484 2139 Dares
517 2105 633 2135 nunc
663 2087 898 2145 Rufillum,
932 2086 1110 2150 perinde
1139 2084 1271 2141 effet,
1303 2101 1354 2131 ac
1386 2084 1417 2130 fi
1445 2083 1618 2131 hircum

339 2166 502 2218 oleret,
526 2175 567 2209 et
587 2163 807 2225 Gorgonii
828 2161 931 2208 loco
952 2161 1054 2207 esset
1071 2193 1084 2214 ‚
1109 2176 1240 2222 quem
1268 2159 1387 2205 idem
1412 2157 1619 2204 Horatius

339 2234 504 2282 Rufino
531 2234 751 2297 opposuit.
782 2235 937 2280 Parum
965 2232 1024 2278 est
1050 2232 1218 2279 sumere
1242 2243 1513 2293 unguentum
1531 2265 1544 2285 ‚
1576 2228 1620 2277 ni

339 2310 407 2356 bis
428 2309 497 2355 die
528 2320 680 2371 terque
703 2318 942 2353 renovetur
959 2341 972 2363 ‚
1000 2324 1054 2353 ne
1087 2305 1315 2354 evanescat
1340 2305 1384 2351 in
1416 2320 1619 2367 corpore.

342 2382 465 2441 Quid
482 2414 496 2437 ‚
527 2383 652 2443 quod
678 2381 810 2428 iidem
830 2382 973 2428 odore
996 2394 1200 2445 tanquam
1230 2380 1308 2426 suo
1338 2378 1578 2441 gloriantur
1598 2378 1617 2424 ἓ

342 2457 465 2505 Haec
485 2457 514 2502 fi
538 2456 617 2503 tibi
642 2456 826 2505 nimium
848 2455 983 2503 tristia
1002 2455 1266 2504 videbuntur
1284 2490 1297 2514 ‚
1328 2453 1454 2503 villae
1471 2453 1620 2517 impu-
