1797 2956
277 194 371 236 μω
529 180 577 226 L.
623 180 907 225 ANNAffl
958 181 1294 228 SENECAE

278 284 542 333 desideratur
578 286 707 333 solito
743 286 1045 334 vehementius
1077 287 1265 351 aliquid,
1294 290 1417 353 quod
1449 290 1560 338 mala

276 357 519 406 inveterata
549 359 759 407 discutiat.
790 360 977 407 decretis
998 362 1218 423 agendum
1240 361 1301 408 est
1315 397 1328 419 ‚
1348 375 1395 409 ut
1414 366 1560 410 revel-

275 431 387 478 latur
412 431 583 494 penitus
614 431 820 478 saliorum
853 446 1028 494 recepta
1056 432 1284 494 persuasio.
1316 434 1395 480 His
1422 435 1452 479 fi
1483 437 1562 482 ad-

274 504 547 552 iunxerimus
575 516 826 566 praecepta,
849 504 1189 558 consolationes,
1214 504 1566 562 adhortationes,

275 589 483 638 poterunt
514 578 662 623 valere
684 594 696 622 ε
721 577 859 639 perse
885 576 1129 624 inefficaces
1152 578 1261 624 sunt.
1285 577 1328 624 Si
1356 580 1563 626 nolumus

274 651 433 697 habere
466 652 683 714 obligatos
704 686 717 706 ⁵
752 664 795 696 et
834 651 956 698 malis
977 687 989 708 ‚
1020 652 1177 714 quibus
1210 652 1295 698 iam
1331 665 1564 712 tenentur,

273 725 463 771 avellere
481 741 494 779 3
515 725 680 770 discant
710 724 819 787 quid
845 724 1033 781 malum,
1063 724 1169 787 quid
1198 725 1368 771 bonum
1395 727 1442 772 sit
1460 745 1471 772 :
1491 727 1567 773 sci·

272 809 373 856 ant,
403 797 577 853 omnia,
600 809 766 861 praeter
793 796 1004 844 virtutem
1021 833 1036 855 ,
1064 809 1234 844 mutare
1258 814 1448 857 nomen,
1469 817 1565 846 mo-

272 871 335 917 do
362 871 475 917 mala
493 871 588 918 fieri
604 906 618 928 ,
639 870 779 917 modo
799 871 930 917 bona.
952 873 1349 932 Quemadmodum
1372 871 1566 935 primum

274 942 457 991 militiae
485 943 714 991 vinculum
740 943 802 989 est
829 944 1008 1007 religio,
1031 958 1074 991 et
1100 943 1326 1008 {ignorum
1351 962 1504 1001 amor,
1525 960 1568 992 et

272 1017 498 1065 deserendi
524 1016 644 1078 nefas
665 1035 675 1063 τ
696 1029 800 1063 tunc
828 1017 986 1064 deinde
1016 1015 1143 1063 facile
1170 1029 1315 1064 cetera
1334 1019 1568 1082 exiguntur

272 1093 627 1155 mandanturque
648 1090 945 1137 iusiurandum
975 1091 1132 1138 adactis
1154 1108 1163 1134 :
1185 1090 1243 1137 ita
1266 1091 1311 1136 in
1333 1091 1398 1138 his
1412 1128 1427 1149 ,
1453 1109 1568 1156 quos

273 1165 386 1211 velis
413 1166 466 1211 acl
494 1165 664 1211 beatam
690 1164 828 1211 vitam
851 1165 1093 1225 perducere
1110 1199 1122 1221 ,
1143 1164 1287 1226 prima
1307 1163 1566 1212 fundamen-

275 1255 316 1286 ta
345 1240 542 1287 iacienda
565 1241 688 1295 sunt,
715 1253 757 1286 et
774 1238 1029 1285 insinuanda
1048 1239 1201 1285 virtus.
1220 1239 1360 1285 Huius
1379 1240 1566 1303 quadam

275 1313 580 1377 superstitione
600 1325 827 1360 teneantur
847 1329 857 1358 :
882 1313 994 1358 hanc
1017 1325 1164 1358 ament
1186 1327 1316 1358 :cum
1341 1312 1421 1358 hac
1439 1313 1569 1360 vive-

276 1403 322 1433 re
343 1386 504 1445 velint,
529 1386 617 1432 fine
644 1387 724 1431 hac
752 1386 908 1431 nolint.
947 1384 1072 1445 Quid
1100 1388 1239 1446 ergo?
1269 1400 1359 1430 non
1389 1385 1566 1448 quidam

276 1458 365 1506 fine
392 1459 663 1506 institutione
692 1459 835 1505 subtili
865 1458 1094 1504 evaserunt
1114 1456 1264 1519 probi,
1293 1473 1568 1523 magnosque

278 1534 697 1598 profectus‘affecuti
723 1532 846 1588 sunt,
876 1532 983 1580 dum
1009 1531 1134 1577 nudis
1161 1545 1332 1577 tantum
1355 1549 1567 1595 praecep-

279 1607 334 1653 tis
375 1605 713 1670 obsequuntur?
760 1607 914 1651 Fateor
947 1621 958 1650 z
985 1603 1056 1649 sed
1089 1602 1195 1648 felix
1230 1603 1453 1666 ingenium
1489 1606 1570 1652 illis

279 1681 391 1739 fuit,
421 1694 464 1727 et
485 1680 680 1728 salutaria
708 1680 752 1726 in
773 1679 951 1727 tranfitu
978 1678 1133 1741 rapuit.
1171 1679 1285 1723 Nam
1316 1688 1364 1723 ut
1394 1677 1455 1724 dii
1483 1677 1571 1724 im-

280 1755 489 1803 mortales
511 1755 670 1800 nullam
687 1753 880 1800 didicere
902 1752 1115 1798 virtutem
1131 1786 1144 1807 ‚
1172 1767 1271 1796 cum
1290 1751 1416 1797 omni
1438 1753 1567 1807 editi;

278 1841 323 1877 et
353 1845 452 1893 pars
477 1844 656 1875 naturae
682 1844 837 1886 eorum
871 1826 962 1884 est,
990 1825 1076 1871 esse
1106 1825 1280 1870 bonos:
1304 1825 1361 1870 ita
1391 1824 1571 1888 quidam

281 1921 337 1951 ex
362 1901 579 1949 heminL
572 1918 617 1946 i:
645 1900 865 1965 egregiam
893 1898 1031 1946 sortiti
1058 1896 1280 1953 indolem,
1310 1895 1354 1941 in
1384 1913 1433 1941 ea
1459 1913 1570 1959 quae

279 1976 376 2025 tra-⁶¹
369 1976 397 2022 i
426 1975 465 2021 sc
460 1974 591 2047 lent,
622 1973 889 2021 perveniunt
921 1972 1008 2023 siue
1039 1970 1178 2032 longo
1212 1932 1494 2030 magisteri03
1527 1980 1571 2014 et

280 2023 488 2098 honesta
488 2063 573 2093 con
574 2046 635 2108 :pl
626 2045 707 2092 exi
726 2045 847 2101 sunt,
872 2055 989 2090 cum
997 2042 1188 2123 primum
1209 2039 1452 2086 audierunt.
1473 2041 1570 2085 Un-

283 2124 338 2171 de
369 2120 446 2169 ista
473 2132 561 2166 tam
593 2135 649 2165 ra
642 2119 764 2182 iacia
792 2115 967 2164 virtutis
998 2113 1195 2178 ingenia,
1223 2112 1297 2160 vel
1331 2128 1384 2158 ex
1412 2112 1453 2157 se
1481 2111 1573 2158 fer-

281 2196 387 2245 tilia.
411 2199 462 2241 At
491 2192 574 2239 inis
598 2206 670 2238 aut
689 2189 922 2238 hebetibus
949 2201 992 2234 et
1021 2186 1208 2242 obtufis,
1229 2196 1301 2232 aut
1330 2184 1442 2231 mala
1462 2200 1572 2231 con-

283 2269 508 2318 suetudine
534 2265 735 2321 obseffis‚
763 2264 837 2311 diu
870 2263 1027 2327 rubigo
1058 2261 1307 2307 animorum
1334 2257 1573 2304 effricanda

285 2344 358 2394 est,
390 2345 600 2390 Ceterum
629 2353 678 2386 ut
706 2339 803 2385 illos
838 2339 880 2395 in
905 2337 1075 2383 bonum
1111 2350 1279 2398 pronos
1305 2333 1433 2379 citius
1458 2330 1588 2390 edu-7

285 2418 346 2466 cit
377 2418 431 2462 ad
459 2416 622 2462 summa
639 2450 652 2473 ‚
680 2426 723 2460 et
746 2412 829 2458 hos
863 2409 1171 2457 imbecilliores
1199 2405 1450 2460 adiuvabit,
1479 2419 1572 2448 mam

283 2490 422 2555 lisque
455 2486 747 2554 opinionibus
780 2485 1009 2543 extrahet,
1043 2481 1120 2548 qui
1155 2481 1238 2529 illis
1272 2477 1571 2543 philosophiae
