1807 3004
292 190 356 236 ω
524 189 573 236 L.
622 175 914 234 A‘NNAet
963 186 1317 236 SENECAE

293 295 348 341 da
368 305 621 357 paupertas,
655 293 808 356 quod,
844 310 866 339 a
888 293 1044 357 quibus
1070 295 1249 352 ameris,
1280 289 1499 343 ostendit?
1531 298 1577 344 O

292 366 472 430 quando
511 365 583 413 ille
625 365 774 413 veniet
817 364 906 411 dies
929 396 943 422 ‚
982 382 1075 427 quo
1112 382 1243 412 nemo
1277 366 1322 412 in
1358 367 1579 415 honorem

247 465 269 501 s
292 448 418 487 tuum
447 438 719 485 mentiatur?
757 438 855 484 Huc
887 454 994 501 ergo
1025 437 1316 501 cogitationes
1346 451 1443 486 tuae
1477 453 1578 488 ten·-

237 501 246 513 'V
293 513 398 559 dant
416 548 429 569 ,
449 512 536 558 hoc
563 526 692 569 cura,
713 510 799 557 hoc
830 525 934 572 opta
949 547 962 567 ,
989 512 1139 557 omnia
1156 511 1235 557 alia
1253 524 1358 559 vota
1378 513 1482 559 Deo
1507 530 1578 560 ree-

291 584 514 639 missurus,
539 595 586 630 ut
605 595 837 630 contentus
858 582 909 630 fis
933 584 1165 646 temetipso
1185 599 1229 631 et
1255 602 1308 632 ex
1331 601 1374 633 te
1409 587 1578 634 nascen-

292 658 410 710 tibus,
429 655 570 704 bonis.
603 658 731 717 Quae
759 656 901 719 potest
927 657 1011 705 effe
1033 657 1211 706 felicitas
1233 660 1338 706 Deo
1358 660 1577 721 propior?

294 731 461 794 Redige
488 742 537 791 tq
560 730 615 775 ad
647 745 779 792 parva
796 761 810 787 -,
837 746 893 776 ex
919 730 1078 793 quibus
1105 732 1258 778 cadere
1294 748 1386 778 non
1416 732 1577 794 poffis:

294 804 426 867 idque
457 815 504 849 ut
533 801 735 848 libentius
767 800 925 859 facias,
957 803 1010 848 ad
1042 803 1131 850 hoc
1168 803 1402 867 pertinebit
1434 804 1577 852 tribu-

291 889 384 923 tum
417 875 624 939 epistolae
655 875 810 933 huius,
842 876 967 938 quod
997 876 1136 923 statim
1173 877 1413 925 conferam.
1459 878 1580 924 Invi-

292 951 392 998 deas
411 951 512 998 licet
533 966 544 997 :
569 951 702 998 etiam
735 966 850 997 nunc
874 949 1060 997 libenter
1090 965 1174 1013 pro
1198 966 1268 996 me
1286 950 1504 1012 dependet
1523 952 1581 996 E-

292 1023 479 1084 picurus.
518 1020 870 1085 Magnificentior
893 1020 1199 1085 (mihicrede)
1232 1022 1375 1068 sermo
1406 1036 1504 1069 tuus
1531 1022 1579 1069 in

294 1095 478 1159 grabato
507 1095 732 1143 videbitur
763 1106 806 1142 et
838 1095 883 1141 in
911 1111 1074 1158 panno,
1109 1112 1202 1142 non
1231 1095 1348 1142 enim
1378 1095 1580 1143 dicentur

295 1180 464 1215 tantum
494 1167 593 1226 illa,
621 1168 694 1214 sed
729 1168 1046 1230 probabuntur.
1084 1172 1177 1232 Ego
1202 1180 1320 1216 certe
1346 1168 1469 1215 aliter
1498 1186 1580 1214 au-

296 1241 374 1288 dio
405 1258 517 1305 quae
548 1241 655 1289 dicit
691 1241 948 1288 Demetrius
980 1241 1127 1288 noster
1148 1277 1162 1299 ‚
1198 1258 1299 1288 cum
1328 1241 1453 1287 illum
1488 1241 1581 1290 vidi

295 1316 460 1362 nudum
479 1349 493 1372 ‚
512 1330 678 1379 quanto
698 1315 840 1361 minus
858 1332 989 1376 quam
1013 1314 1256 1362 stramentis
1276 1316 1580 1363 incubantem?

296 1401 399 1436 tun-c
425 1390 542 1436 enim
568 1405 659 1434 non
683 1403 945 1450 praeceptor
966 1388 1087 1447 veri,
1114 1387 1188 1435 sed
1212 1387 1327 1434 testis
1350 1387 1424 1434 etl.
1451 1388 1576 1448 Quid

297 1478 404 1525 ergo
422 1461 440 1508 ἓ
470 1477 560 1508 non
584 1461 688 1507 licet
707 1461 881 1508 divitias
907 1461 952 1507 in
968 1461 1060 1508 sinu
1084 1461 1240 1525 positas
1259 1471 1543 1508 contemnere
1561 1466 1578 1508 ?

297 1535 419 1593 Quid
453 1535 497 1581 ni
523 1534 682 1582 liceat?
715 1547 758 1581 et
786 1535 858 1582 ille
885 1534 1072 1598 ingentis
1105 1535 1239 1581 animi
1267 1533 1328 1581 est
1345 1566 1359 1590 ,
1389 1534 1465 1597 qui
1491 1535 1582 1583 iilos

297 1607 578 1654 circumfusas
601 1607 677 1654 fibi
698 1607 882 1655 multum
904 1608 1066 1670 diuque
1089 1608 1268 1655 miratus
1283 1643 1296 1664 ‚
1315 1608 1441 1671 quod
1459 1608 1512 1653 ad
1538 1607 1583 1656 se

296 1679 501 1726 venerint
517 1715 530 1738 ,
559 1680 697 1739 ridet,
724 1681 908 1744 sua-sque
932 1681 1052 1728 audit
1071 1680 1204 1744 magis
1223 1680 1307 1727 effe
1325 1695 1457 1744 quam
1484 1680 1582 1728 sen-

297 1751 361 1800 tit.
393 1753 579 1800 Multum
601 1754 688 1812 est,
710 1771 801 1801 non
822 1754 1046 1816 corrumpi
1067 1754 1320 1801 divitiarum
1347 1754 1584 1801 contuber—

297 1827 386 1873 nio.
417 1830 602 1891 Magnus
627 1829 688 1876 est
710 1829 782 1877 ille
814 1830 890 1892 qui
919 1829 964 1875 in
998 1828 1163 1876 divitiis
1196 1842 1364 1892 pauper
1388 1829 1449 1875 est
1473 1847 1482 1875 :
1510 1828 1583 1875 sed

297 1901 510 1959 securior,
525 1902 601 1965 qui
620 1917 740 1950 caret
762 1902 940 1951 divitiis.
960 1902 1124 1950 Nescio
1136 1938 1149 1959 ‚
1165 1902 1312 1965 inquis
1323 1939 1335 1959 ‚
1351 1903 1586 1966 quomodo

298 1974 375 2021 iste
391 1989 691 2038 paupertatem
716 1978 879 2023 laturus
905 1975 975 2034 fit,
998 1977 1028 2022 fi
1048 1975 1093 2022 in
1112 1976 1228 2022 illam
1250 1976 1467 2023 inciderit.
1487 1978 1584 2024 Nee

297 2065 383 2111 ego
403 2049 581 2111 Epicuri
601 2051 776 2113 angelus
796 2050 886 2096 fcio
901 2080 916 2103 9
938 2043 1003 2095 ¹an
1024 2065 1192 2112 pauper
1220 2047 1297 2094 iste
1331 2060 1585 2094 contemtu-

298 2138 372 2168 rus
397 2121 448 2168 fit
477 2122 654 2170 divitias
671 2160 686 2181 ‚
709 2123 740 2170 fi
764 2124 811 2169 in
839 2122 930 2169 illas
956 2121 1172 2176 inciderit.
1204 2123 1357 2184 Itaque
1387 2121 1433 2167 in
1455 2132 1584 2167 utro-

300 2212 386 2258 que
406 2213 529 2244 mens
556 2197 819 2244 aestimanda
837 2195 897 2242 est
913 2230 926 2251 ,
956 2194 1363 2257 inspiciendumque
1384 2230 1399 2252 ‚
1428 2211 1482 2240 an
1509 2193 1586 2242 ille

299 2272 541 2334 paupertati
569 2271 823 2335 indulgeat,
849 2287 903 2316 an
931 2268 1004 2315 hic
1036 2267 1199 2316 divitiis
1229 2284 1322 2314 non
1348 2267 1587 2331 indulgeat.

298 2345 515 2409 Alioquin
534 2346 634 2396 leve
654 2357 963 2410 argumentum
986 2342 1047 2389 est
1064 2344 1207 2389 bonae
1225 2341 1464 2390 voluntatis
1483 2358 1586 2404 gra-

298 2417 451 2476 batus,
486 2432 558 2466 aut
595 2435 788 2483 pannus,
822 2416 900 2464 nisi
926 2415 1128 2479 apparuit
1163 2415 1353 2478 aliquem
1389 2414 1461 2460 illa
1491 2429 1586 2460 non

300 2495 542 2546 necestitate
570 2495 687 2560 pati,
719 2493 790 2542 sed
819 2493 962 2541 malle.
989 2492 1203 2543 Ceterum
1233 2507 1416 2557 magnae
1450 2487 1585 2543 indm
