1807 3004
485 210 1070 260 EPISTOLAE.
1322 219 1408 280 361

208 344 325 389 ‚Nam
353 346 479 404 primi
510 348 646 392 cumis
667 348 921 406 scindebant
939 348 1057 411 fiffile
1084 353 1258 412 lignum.

141 471 248 516 Non
265 473 381 519 enim
407 476 516 521 testa
539 477 814 539 coenationi,
836 479 1013 543 epulum
1033 497 1314 544 recepturae,
1334 499 1415 545 pa-

141 545 344 591 rabantur
364 563 374 591 :
402 564 483 595 nec
509 550 553 595 in
574 551 690 598 hunc
708 552 829 599 usum
856 553 984 616 pinus
1005 570 1076 602 aut
1105 556 1222 603 abies
1241 554 1415 605 defere-

141 618 269 665 batur
295 621 431 684 longo
459 624 768 671 vehiculorum
797 626 952 673 ordine
969 663 983 686 ,
1007 626 1117 675 vicis
1142 622 1414 675 inti-ementi-

140 689 223 736 bus
239 725 252 748 ,
279 704 328 737 ut
346 709 402 738 ex
421 694 489 739 illa
506 695 722 742 lacunaria
741 713 848 743 auro
864 698 1014 760 gravia
1031 700 1286 760 penderent.
1306 702 1414 746 Fur-

139 779 217 810 cae
239 765 459 829 utrimque
479 767 701 830 suspensae
719 769 960 818 fulciebant
976 772 1140 819 casam:
1157 772 1334 836 spiffatis
1347 789 1414 819 ra-

137 836 321 883 malibus
336 870 350 892 ,
380 856 429 885 ac
450 839 612 887 fronde
631 842 836 905 congesta
851 878 864 901 ‚
890 856 932 890 et
950 844 995 889 in
1015 845 1215 907 proclive
1232 845 1413 908 disposi-

137 922 178 957 ta
195 943 208 965 ,
239 912 442 960 decursus
467 914 678 962 imbribus
696 918 898 979 quamvis
918 919 1082 982 magnis
1108 932 1212 966 erat.
1241 920 1329 965 Sub
1348 919 1414 966 his

137 984 258 1031 tediis
289 985 541 1035 habitavere
575 989 724 1036 securi.
749 992 931 1038 Culmus
956 992 1118 1038 liberos
1151 991 1260 1040 texit
1290 1009 1302 1038 :
1334 991 1414 1038 sub

137 1075 361 1106 marmore
387 1073 515 1123 atque
534 1078 643 1108 auro
663 1062 848 1110 servitus
865 1065 1041 1112 habitat.
1061 1067 1110 1111 In
1129 1065 1205 1111 illo
1232 1080 1415 1129 quoque

136 1132 339 1179 diffentio
364 1150 388 1179 a
412 1133 680 1194 PofidoniO,
701 1137 826 1198 quod
854 1137 1113 1185 ferramenta
1136 1137 1305 1184 fabrilia
1329 1155 1414 1184 ex-

137 1206 328 1269 cogitata
346 1223 370 1252 a
394 1205 651 1268 sapientibus
677 1208 783 1253 viris
809 1208 986 1254 iudicat.
1013 1208 1100 1254 Isto
1128 1209 1247 1255 enim
1272 1209 1414 1254 modo

136 1281 249 1326 dicat
264 1316 277 1338 ‚
297 1280 423 1338 licet,
450 1280 660 1341 sapientes
678 1316 692 1339 ,
713 1298 790 1344 per
812 1298 924 1345 quos

205 1408 323 1451 Tunc
358 1408 514 1467 laqueis
543 1422 705 1466 captare
723 1406 871 1466 feras,
910 1405 952 1452 δ’
986 1408 1127 1464 fallere
1155 1410 1266 1469 visco

198 1496 420 1539 Inventum
440 1530 453 1552 ‚
487 1493 529 1540 δ’
562 1507 741 1555 magnos*
766 1495 942 1539 canibus
966 1496 1211 1540 circumdare
1222 1495 1379 1555 fizltus.

134 1625 298 1671 Omnia
321 1624 438 1670 enim
464 1623 541 1670 ista
566 1624 773 1689 sagacitas
805 1624 1034 1669 hominum
1052 1659 1065 1681 ‚
1091 1639 1182 1670 non
1207 1624 1413 1688 sapientia

134 1698 319 1745 invenit.
347 1699 392 1742 ln
422 1697 508 1744 hoc
537 1715 717 1760 quoque
752 1697 985 1754 dissentio,
1017 1696 1228 1759 sapientes
1259 1698 1412 1757 fuisse,

131 1772 208 1833 qui
232 1770 334 1816 ferri
361 1771 528 1816 metalla
557 1771 727 1817 (et-aeris
757 1770 1022 1817 invenerunt
1050 1787 1060 1814 ε
1085 1786 1185 1815 cum
1205 1770 1413 1817 incendio

135 1844 337 1890 silvarum
368 1842 674 1899 adustartelluffi
703 1843 747 1888 in
781 1842 954 1889 summo
975 1857 1109 1887 venas
1140 1841 1330 1889 iacentes
1356 1844 1412 1889 li-

134 1915 327 1978 quefaffla
346 1913 531 1961 fudisset.
563 1915 640 1960 Ista
661 1915 764 1960 tales
788 1913 1019 1961 inveniunt
1036 1950 1050 1972 ‚
1079 1915 1223 1978 quales
1243 1917 1410 1962 colunt.

132 1992 201 2037 Ne
228 1989 295 2034 illa
325 1988 502 2050 quidem
533 2004 620 2034 tam
651 1988 814 2034 subtilis
842 1987 1037 2052 quaestio
1067 1987 1177 2034 mihi
1204 1988 1411 2049 videtur,

132 2081 263 2128 quam
284 2062 554 2109 Pofidoniot
579 2064 737 2112 Utrum
767 2062 942 2109 malleus
972 2063 1016 2108 in
1046 2062 1124 2109 usu
1152 2062 1237 2111 effe
1263 2063 1379 2126 prius
1397 2100 1412 2123 ‚

131 2155 186 2183 an
213 2135 404 2198 forcipes
428 2135 669 2197 coeperint.
696 2137 896 2197 Utraque
924 2135 1096 2182 invenit
1112 2135 1267 2200 aliquis
1283 2153 1412 2183 exer-

131 2209 248 2256 citati
268 2208 453 2271 ingenii,
484 2207 626 2265 acuti,
656 2223 747 2253 non
766 2208 912 2271 magni
928 2244 941 2266 ,
968 2224 1050 2254 nec
1068 2208 1196 2266 elati,
1217 2223 1260 2255 et
1279 2209 1410 2272 quid-

117 2281 237 2345 'quid
257 2281 373 2327 aliud
390 2297 580 2343 corpore
597 2280 850 2336 incurvato,
866 2293 909 2328 et
925 2281 1073 2327 animo
1092 2281 1275 2327 humum
1289 2281 1411 2344 spec-

129 2366 270 2410 tante,
316 2355 613 2416 quaerendum
651 2353 729 2399 est.
765 2353 943 2415 Sapiens
983 2353 1120 2401 facilis
1159 2353 1275 2400 viEtu
1311 2353 1409 2402 fuit.

128 2426 307 2488 quidni?
340 2442 442 2473 cum
460 2426 549 2474 hoc
577 2442 757 2489 quoque
781 2426 928 2473 seculo
952 2425 1038 2473 effe
1067 2443 1198 2490 quam
1226 2426 1408 2489 expedi-

129 2498 312 2552 tissimus
336 2499 514 2565 cupiat?
549 2499 824 2561 Quomodo,
860 2516 947 2547 oro
983 2513 1052 2558 te,
1083 2501 1322 2559 convenit,
1358 2514 1409 2549 ut
