1797 2956
302 197 385 241 16),
567 193 1420 241 LANNAEISENECAE1

293 304 384 349 nita
410 302 714 349 modulatione
735 301 984 347 vendentes.
1003 303 1048 347 O
1069 313 1110 347 te
1124 336 1138 359 ‚
1159 300 1304 363 inquis
1320 333 1335 357 ,
1354 299 1544 348 ferreum
1561 337 1576 361 ,

283 391 366 421 aut
402 374 607 430 surdum,
645 373 713 418 cui
750 388 873 416 mens
902 372 1015 416 inter
1040 372 1251 416 clamores·
1281 387 1368 417 tam
1399 373 1578 429 varios,

291 460 379 494 tam
414 446 638 500 diffonos‚
667 441 869 488 constat!
908 459 1010 487 cum
1048 442 1346 506 Chrysippum
1379 444 1573 490 nostrum

289 519 450 566 assidua
471 517 671 564 salutatio
694 517 902 578 perducat
919 514 972 560 ad
993 530 1194 561 mortem.
1215 521 1267 561 At
1285 515 1576 574 mehercules,

290 609 376 654 ego
397 590 522 636 istum
544 588 766 635 fremitum
798 603 889 646 non
917 587 1052 650 magis
1077 604 1205 645 curo,
1233 606 1362 651 quam
1392 588 1575 636 Rufium

291 676 364 710 aut
382 662 598 709 deietfium
630 677 780 723 aquae.
812 659 1030 729 Quapivis
1058 659 1230 706 audiam
1253 661 1426 707 cuidam
1454 662 1576 725 genti

291 738 403 784 hanc
423 751 553 781 unam
578 732 702 780 fuiffe
722 732 889 780 causam
905 767 919 789 ‚
947 732 1100 778 urbem
1121 733 1235 778 suam
1256 732 1576 793 transferendi,

293 812 395 876 quia
412 795 634 873 fragorum
656 807 750 853 Nili
778 805 969 853 cadentis
1000 805 1113 852 ferre
1133 822 1222 851 non
1244 807 1404 868 potuit.
1434 809 1575 871 Magis

291 884 524 933 mihi'vox
542 897 734 930 avocare
754 880 928 927 videtur
942 914 956 935 ‚
986 895 1114 942 quam
1137 879 1338 941 crepitus.
1362 881 1436 927 flia
1456 883 1573 930 enim

291 958 485 1007 animum
506 954 706 1009 abducit,
729 952 802 998 hic
820 964 986 998 tantum
1005 967 1129 997 aures
1145 950 1320 1012 implet,
1346 970 1396 1000 ac
1414 956 1574 1002 verbe-

290 1047 371 1087 rat.
394 1032 444 1076 In
470 1029 521 1075 iis
540 1044 653 1092 quae
683 1043 754 1072 me
782 1024 869 1070 fine
889 1023 1155 1071 avocatione
1180 1023 1542 1089 circumstrepunt
1558 1064 1574 1088 ‚

288 1103 455 1154 effedas
475 1100 819 1148 transcurrentes
841 1112 988 1158 pono,
1017 1110 1060 1141 et
1085 1095 1255 1142 fabrum
1281 1098 1542 1160 inquilinum
1558 1136 1573 1159 ‚

292 1188 334 1224 et
354 1173 581 1222 serrarium
604 1170 827 1224 vicinum,
848 1178 920 1213 aut
936 1166 1052 1213 hunc
1069 1167 1143 1229 qui
1164 1168 1218 1214 ad
1238 1181 1399 1216 metam
1421 1171 1574 1218 sudan-

292 1259 381 1294 tem
404 1243 567 1291 tabulas
592 1241 816 1302 experitur
834 1250 877 1284 et
900 1237 1050 1293 tibias,
1064 1253 1145 1284 nec
1159 1251 1325 1297 cantat,
1345 1242 1416 1287 sed
1436 1245 1574 1290 excia-

291 1332 395 1369 mat.
424 1316 563 1363 Etiam
594 1312 822 1361 molestior
848 1310 910 1358 est
931 1309 1038 1355 mihi
1067 1308 1227 1368 sonus,
1255 1313 1330 1374 qui
1357 1314 1573 1364 intermit-

290 1395 399 1442 titur
417 1390 620 1445 subinde‚
641 1404 772 1451 quam
792 1385 869 1449 qui
889 1383 1186 1431 continuatur.
1213 1385 1297 1431 Sed
1316 1386 1400 1434 iam
1425 1406 1495 1436 me
1514 1376 1572 1439 fi'c

289 1469 344 1515 ad
364 1465 514 1514 omnia
541 1463 618 1510 ista
649 1460 827 1516 duravi,
853 1470 899 1505 ut
930 1457 1079 1504 audire
1100 1458 1172 1506 vel
1199 1459 1442 1521 pausarium
1471 1465 1573 1527 pos-

290 1541 367 1588 {im
382 1576 395 1598 ‚
413 1553 528 1587 voce
543 1534 810 1583 acerbiffima
825 1530 1059 1594 remigibus
1076 1533 1235 1578 modos
1254 1533 1441 1582 dantem.
1459 1539 1571 1584 Ani-

289 1630 412 1661 mum
432 1611 549 1659 enim
570 1625 688 1673 cogo
718 1607 794 1653 fibi
823 1605 1038 1651 intentum
1067 1603 1154 1651 effe
1169 1639 1183 1661 ‚
1212 1620 1292 1651 nec
1317 1609 1493 1655 avocari
1516 1610 1571 1656 ad

288 1698 480 1734 externa.
514 1681 663 1728 omnia
685 1678 786 1725 iicet
806 1677 916 1724 foris
944 1676 1174 1733 resonent3
1200 1678 1305 1724 dum
1327 1681 1439 1728 intus
1464 1682 1570 1730 nihil

287 1757 496 1805 tumuitus
513 1755 592 1812 fit,
623 1754 727 1801 dum
749 1752 862 1799 inter
889 1751 931 1799 se
959 1768 1050 1798 non
1076 1751 1272 1798 rixentur
1295 1755 1507 1816 cupiditas
1524 1772 1570 1806 et

287 1830 454 1884 timor,
488 1829 590 1874 dum
621 1825 801 1874 avaritia
819 1824 1079 1888 luxuriaque
1099 1841 1190 1871 non
1216 1826 1464 1886 diffideant‚
1485 1846 1569 1877 nec

287 1903 417 1949 altera
442 1901 619 1948 alteram
640 1912 783 1946 vexet.
814 1900 927 1944 Nam
945 1898 1054 1961 quid
1070 1899 1248 1960 prodest
1269 1901 1402 1948 totius
1419 1902 1568 1966 regio-

286 1975 352 2024 nis
373 1974 585 2039 silentium
600 2008 614 2033 ‚
643 1973 675 2019 fi
694 1971 871 2020 affeffiis
889 1970 1115 2018 fremunt?

355 2085 520 2131 Omnia
543 2083 672 2129 nofiis
698 2097 812 2128 erant
825 2116 837 2139 ‚
849 2074 1023 2142 placida
1041 2082 1243 2147 composta
1261 2083 1404 2143 quiete.

284 2193 452 2241 Falsum
478 2190 552 2238 est.
582 2189 698 2237 nulla
726 2188 897 2252 placida
923 2188 1046 2252 quies
1070 2187 1161 2246 est,
1189 2189 1266 2235 nifi
1292 2205 1422 2253 quam
1450 2190 1564 2238 ratio

283 2263 550 2327 composuit.
569 2278 660 2309 nox
676 2262 852 2308 exhibet
869 2259 1110 2307 molestiam
1128 2295 1142 2318 ‚
1161 2275 1251 2308 non
1268 2261 1384 2309 tollit
1396 2293 1411 2317 ‚
1429 2277 1471 2308 et
1489 2261 1538 2307 so
1550 2287 1563 2296 -

283 2337 530 2385 {icitudines
545 2326 695 2383 mutat.
721 2337 836 2382 Nam
859 2333 1175 2382 dormientium
1193 2351 1375 2399 quoque
1393 2337 1561 2382 insom-

282 2411 355 2458 nia
370 2424 459 2458 tam
481 2409 727 2457 turbulenta
745 2408 866 2466 sunt,
891 2423 1021 2470 quam
1047 2408 1150 2465 dies.
1172 2408 1245 2454 Illa
1273 2407 1559 2471 tranquillitas

282 2501 388 2536 vera
403 2483 487 2545 est,
515 2484 560 2532 in
580 2499 710 2547 quam
728 2483 845 2531 bona
864 2497 988 2531 mens
1005 2482 1260 2546 explicatur.
1283 2482 1473 2546 Adspice
1499 2482 1555 2529 il-
