1807 3004
584 183 1176 230 EPISTOLAE.
1429 202 1513 249 213

240 291 360 338 Alter
382 289 478 354 post
496 291 613 337 hunc
640 305 843 352 paternae
870 290 1044 336 virtutis
1061 290 1257 336 aemulus
1277 321 1291 345 ‚
1323 305 1517 354 concep—

239 364 293 412 tis
323 363 596 420 solennibus,
625 379 675 410 ac
704 363 789 409 iam
810 363 1091 409 familiaribus
1115 361 1286 420 verbis,
1315 361 1360 406 in
1379 363 1518 408 aciem

238 435 596 483 confertissimam
626 435 808 482 incurrit
826 470 839 492 ‚
860 435 914 481 de
942 435 1030 481 hoc
1062 434 1254 481 solicitus
1275 449 1442 479 tantum
1472 447 1519 480 ut

234 508 402 565 litaret,
427 508 663 570 optabilem
688 525 778 555 rem
807 519 962 570 putans
986 507 1149 553 bonam
1175 518 1382 553 mortem.
1411 508 1516 552 Du·-

233 578 344 625 bitas
369 595 502 642 ergo,
537 596 590 625 an
618 580 836 641 optimum
869 579 919 624 sit
940 577 1277 625 memorabilem
1305 579 1448 633 mori,
1475 591 1518 625 et

231 649 278 696 in
302 651 448 713 aliquo
468 667 602 714 opere
623 652 827 698 virtutis?
860 652 975 697 Cum
998 651 1152 713 aliquis
1174 662 1394 696 tormenta
1418 650 1515 697 for-

231 720 335 767 titer
355 721 514 783 patitur
528 757 541 776 ,
561 725 768 769 omnibus
786 722 1019 770 virtutibus
1038 722 1176 768 utitur
1192 720 1392 773 fortasse,
1407 736 1515 769 'cum

230 810 318 840 una
341 785 391 839 in*
407 806 587 856 promtu
622 793 699 851 fit,
736 809 778 840 et
805 793 997 840 maxime
1024 804 1260 854 appareat,
1294 793 1516 854 patientia.

229 879 420 914 ceterum
450 867 535 913 illic
565 866 626 913 est
656 866 912 912 fortitudo:
946 865 1070 912 cuius
1101 864 1307 926 patientia
1340 881 1382 911 et
1415 882 1518 928 per-

225 940 395 1004 peffio,
421 955 464 987 et
491 941 751 999 tolerantia,
777 940 888 987 rami
914 940 1024 989 sunt,
1051 938 1139 987 illic
1163 938 1223 985 est
1251 940 1479 1001 prudentia
1499 971 1515 996 ,

224 1014 315 1060 fine
335 1030 421 1076 qua
443 1015 609 1068 nullum
629 1013 763 1061 initur
782 1014 1011 1061 consilium
1030 1030 1041 1059 z
1068 1028 1184 1076 quae
1202 1012 1366 1069 suadet,
1387 1016 1510 1076 quod

224 1085 418 1148 effugere
439 1103 532 1134 non
558 1086 718 1149 poffis,
744 1102 874 1148 quam
901 1084 1136 1131 fortiffime
1170 1083 1300 1131 ferre.
1337 1084 1421 1133 illic
1452 1085 1514 1132 est

225 1159 467 1206 constantia
488 1177 499 1206 ε
519 1175 630 1222 quae
651 1158 779 1205 deiici
800 1159 906 1205 loco
924 1174 1017 1203 non
1043 1157 1183 1220 potest
1201 1192 1216 1213 ,
1245 1171 1288 1204 et
1309 1160 1513 1221 proposi-

225 1243 320 1278 tum
358 1230 475 1278 nulla
508 1232 556 1279 vi
586 1245 877 1294 extorquente
913 1231 1106 1278 dimittit.
1140 1231 1229 1278 illic
1259 1231 1320 1279 est
1352 1231 1515 1280 indivi-

224 1304 335 1350 duus
352 1304 422 1350 ille
453 1306 683 1352 comitatus
707 1304 934 1352 virtutum.
964 1304 1197 1368 Quidquid
1231 1304 1408 1354 honeste
1434 1305 1511 1366 fit,

222 1391 308 1421 una
328 1377 470 1423 virtus
498 1376 599 1424 facit
618 1413 634 1435 ‚
657 1377 729 1437 sed
750 1377 803 1423 de
824 1376 992 1423 consilii
1017 1377 1224 1423 sententia
1245 1395 1256 1424 ε
1282 1380 1411 1442 quod
1432 1397 1509 1426 au·-

221 1462 312 1494 tem
348 1448 403 1494 ab
436 1449 641 1495 omnibus
665 1449 900 1495 virtutibus
925 1449 1274 1511 comprobatur,
1308 1451 1437 1497 etiam
1473 1452 1505 1499 fi

221 1519 276 1566 ab
296 1537 377 1567 una
397 1519 491 1568 fieri
508 1522 684 1568 videtur
699 1557 714 1577 ,
743 1523 933 1585 optabile
959 1521 1030 1568 est.
1051 1522 1209 1582 Quid?
1229 1537 1277 1569 tu
1290 1523 1506 1573 existimas

219 1608 272 1638 ea
308 1603 476 1639 tantum
509 1593 719 1655 optabilia
752 1593 836 1640 esse
857 1629 871 1650 ‚
906 1610 1016 1656 quae
1050 1610 1128 1656 per
1157 1594 1430 1657 voluptatem
1462 1610 1506 1642 et

217 1664 359 1711 otium
390 1665 571 1712 veniunt
589 1664 611 1711 ?v
639 1683 752 1727 quae
782 1665 1062 1729 excipiuntur
1095 1665 1264 1713 foribus
1296 1667 1500 1714 ornatis?

218 1736 326 1783 Sunt
354 1737 567 1799 quaedam
589 1736 726 1785 tristes
746 1739 1024 1799 voluptates,
1059 1737 1153 1784 sunt
1170 1738 1381 1801 quaedam
1412 1755 1501 1786 vo·

218 1818 290 1866 ta,
327 1825 438 1871 quae
467 1825 560 1855 non
592 1810 902 1872 gratulantium
934 1821 1090 1866 coetu,
1118 1808 1190 1856 sed
1217 1810 1498 1858 adorantium

217 1880 607 1942 venerantiumque
637 1881 922 1928 celebrantur.
963 1883 1024 1927 Ita
1061 1893 1107 1927 tu
1137 1897 1230 1928 non
1259 1897 1383 1943 putas
1413 1885 1502 1931 Re-

215 1951 365 2030 guluni
381 1950 572 2012 optas‘
523 1968 545 1998 e
599 1965 645 1997 ut
661 1953 713 1998 ad
729 1953 903 1998 Poenos
921 1952 1201 2013 perveniret?
1227 1953 1360 1999 Indue
1380 1970 1503 2018 mag—

217 2021 261 2068 ni
284 2021 369 2067 viri
397 2021 616 2079 animum,
639 2033 681 2068 et
701 2023 754 2068 ab
774 2021 1058 2084 opinionibus
1080 2023 1200 2086 vulgi
1221 2023 1372 2071 secede
1389 2042 1500 2087 pau·

214 2095 376 2158 lisper:
390 2111 496 2157 cape
520 2110 781 2158 quantam
755 2096 886 2141 debes
910 2095 1080 2142 virtutis
1110 2095 1425 2158 pulcherrimae
1445 2114 1496 2145 ac

214 2166 656 2232 magnificentiffimae
682 2167 896 2230 speciem,
925 2185 1035 2231 quae
1064 2167 1192 2215 nobis
1222 2185 1311 2214 non
1341 2169 1460 2216 sertis
1480 2206 1496 2227 ‚

214 2240 285 2286 sed
307 2239 461 2286 sudore
491 2251 535 2287 et
562 2240 767 2304 sanguine
790 2240 974 2286 colenda
1003 2240 1076 2287 est.
1106 2240 1296 2302 Adspice
1319 2243 1380 2287 M.
1407 2243 1496 2288 Ca-

212 2325 362 2357 tonem
378 2347 392 2368 ,
408 2310 529 2358 sacro
549 2311 607 2356 illi
628 2312 795 2374 pectori
817 2311 1059 2374 purissimas
1079 2328 1230 2358 manus
1247 2312 1496 2359 admovena

211 2395 325 2438 tem,
345 2396 388 2430 et
405 2384 589 2431 vulnera
617 2400 770 2446 parum
789 2384 965 2431 demissa
990 2386 1223 2431 laxantem.
1252 2386 1410 2431 Utrum
1432 2387 1498 2434 ill}

214 2457 388 2504 tandem
414 2457 603 2504 dicturus
626 2473 696 2514 es,
720 2457 901 2505 Vellem
923 2473 1033 2522 quae
1062 2457 1228 2505 venes:
1247 2471 1318 2516 et,
1336 2460 1497 2515 'Mole-
