1780 2988
431 172 1063 218 ‘EPISTOLAIL
1319 174 1404 238 381

131 280 258 326 Huic
281 295 424 327 tamen
451 280 619 343 Scyllae
640 278 731 326 fera
758 278 957 326 animalia
985 279 1128 326 iuneta
1152 280 1245 328 sunt
1262 316 1274 336 ,
1304 282 1410 328 hor--

140 355 297 412 reuda,
317 354 484 400 velocia
502 371 513 400 x
534 365 575 399 at
593 352 659 398 isti
678 352 924 414 sapientiam
947 369 999 398 ex
1021 351 1272 415 quibusnam
1291 371 1414 401 com-

143 428 325 491 posuere
343 428 589 489 portem-tis?
612 428 753 473 Prima
777 426 967 473 hominis
988 443 1103 489 pars,
1123 426 1184 473 est
1204 427 1293 490 ipsa
1320 429 1411 476 vir-

143 517 240 551 tus:
266 504 365 550 huic
395 503 682 550 committitur
711 502 842 549 futilis
865 518 996 556 caro,
1015 514 1057 548 et
1079 500 1237 557 fluida,
1267 515 1311 549 et
1341 520 1414 551 re-

142 576 366 639 ceptandis
382 590 548 623 tantum
571 576 675 624 cibis
696 575 863 630 habilis,
884 591 930 621 ut
946 575 1004 620 ait
1024 574 1293 624 Posidonius.
1317 578 1416 623 Vir-

143 661 211 695 tus
238 648 308 694 illa
337 648 484 695 divina
517 649 561 694 in
588 649 804 695 lubricum
839 646 989 693 definit
1008 683 1021 705 ‚
1050 659 1091 693 et
1121 648 1414 710 superioribus

143 721 335 784 partibus
367 722 626 769 venerandis
655 735 782 783 atque
806 719 1092 776 coelestibus,
1123 720 1279 766 animal
1304 722 1419 770 iners

142 809 194 839 ac
212 794 453 840 marcidum
483 794 700 841 attexitur.
730 794 802 839 ssla
826 805 1049 855 utcunque
1071 793 1154 840 alta
1174 793 1319 857 quies,
1352 796 1418 842 ni-

145 867 204 913 hil
225 868 398 931 quidem
425 868 512 931 ipsa
544 869 690 915 animo
719 867 982 930 praestabat,
1009 869 1078 914 sed
1103 868 1416 931 impedimenta

144 942 402 988 removebat
421 958 431 986 :
457 941 662 1003 voluptas
675 940 792 986 ultro
809 939 1005 986 dissolvit
1021 976 1034 998 ‚
1064 953 1105 986 et
1124 957 1258 989 omne
1280 943 1417 990 robur

145 1014 326 1061 emollit.
356 1015 481 1074 Quae
501 1013 748 1059 invenietur
771 1027 860 1059 tam
882 1012 1047 1060 discors
1063 1013 1175 1060 inter
1194 1013 1235 1060 se
1251 1014 1419 1062 §unffi-u-

146 1101 193 1130 ra
219 1101 456 1147 corporum
475 1085 492 1131 ?
521 1085 790 1131 Fortiffimae
810 1085 873 1131 rei
896 1084 1149 1131 inertissima
1171 1085 1420 1146 adstruitur,

147 1155 436 1204 severiffimae
466 1174 618 1219 parum
646 1157 781 1212 seria,
814 1156 1092 1204 sanetifiimae
1125 1157 1421 1220 intemperans

148 1228 283 1292 usque
302 1231 354 1276 ad
369 1229 542 1276 incesta.
565 1230 690 1290 Quid
716 1229 855 1293 ergo?
876 1229 1018 1292 inquit
1039 1247 1048 1276 ε
1072 1229 1100 1275 fi
1121 1230 1327 1277 virtutem
1349 1233 1419 1279 ni-

149 1301 210 1347 hil
232 1301 490 1364 impeditura
513 1301 563 1348 sit
586 1301 700 1347 bona
730 1301 937 1348 valetudo
953 1337 966 1360 ,
985 1317 1026 1347 et
1050 1302 1172 1365 quies
1187 1337 1199 1360 ,
1218 1316 1261 1350 et
1289 1305 1422 1352 dolo-

148 1389 248 1418 rum
277 1373 477 1428 vacati03
510 1389 600 1418 non
632 1385 751 1435 petes
788 1372 891 1419 illa?
925 1373 1091 1432 Quidni
1121 1375 1298 1435 petam?
1330 1394 1422 1425 non,

150 1446 255 1508 quia
285 1445 401 1491 bona
427 1446 547 1503 sunt,
575 1445 647 1492 sed
666 1446 768 1509 quia
802 1445 1040 1493 secundum
1070 1462 1265 1493 naturam
1297 1448 1391 1497 sunt
1409 1493 1423 1514 ‚

151 1529 194 1562 et
219 1516 319 1580 quia
349 1518 471 1564 bono
495 1533 518 1562 a
543 1534 613 1563 me
642 1517 809 1564 iudicio
837 1517 1074 1564 sumuntur,
1111 1520 1247 1579 Quod
1270 1522 1350 1568 erit
1380 1524 1424 1569 in

152 1587 233 1634 illis
253 1602 358 1635 tunc
386 1589 586 1636 bonum?
613 1590 699 1637 hoc
723 1607 858 1636 unum
873 1622 887 1644 9
910 1593 1019 1637 bene
1041 1590 1155 1654 eligi.
1183 1594 1297 1638 Nam
1323 1613 1423 1643 cuzn

153 1659 315 1707 vestem
351 1661 521 1723 qualem
551 1662 674 1708 decet
702 1662 856 1718 sumo,
889 1680 987 1709 cum
1012 1664 1190 1710 ambulo
1211 1679 1256 1711 ut
1281 1684 1423 1729 opor-

151 1744 240 1791 tet,
261 1748 361 1780 cum
380 1749 524 1780 coeno
549 1732 920 1797 quemadmodum
940 1736 1081 1781 debeo
1104 1754 1114 1781 τ
1148 1754 1237 1782 non
1264 1754 1445 1795 coenas

154 1823 226 1854 aut
256 1807 496 1856 ambulatio
516 1843 529 1866 ,
562 1824 634 1855 aut
663 1809 791 1857 vestis
816 1811 932 1855 bona
963 1808 1088 1864 suut,
1118 1808 1191 1856 sed
1216 1827 1360 1858 meum
1381 1814 1426 1859 in

154 1878 220 1924 his
244 1878 512 1941 propositum
530 1912 544 1935 ‚
569 1880 771 1928 servandi
797 1880 842 1926 in
860 1897 1032 1943 quaque
1057 1897 1104 1926 re
1129 1880 1290 1927 rationi
1314 1899 1424 1929 con-

155 1953 402 1998 venientem
423 1954 622 2001 modum.
659 1953 800 2000 Etiam
827 1971 942 2000 nunc
972 1953 1173 2000 adiiciam
1198 1972 1208 2000 ε
1233 1958 1425 2004 Mundae

159 2025 287 2073 vestis
323 2027 479 2073 eleffio
513 2029 756 2090 appetenda
793 2027 854 2074 est
889 2027 1073 2074 homini.
1125 2044 1275 2076 natura
1308 2032 1427 2078 enim

157 2101 294 2146 homo
314 2101 526 2147 mundum
551 2116 594 2148 et
622 2101 790 2164 elegans
809 2101 965 2148 animal
985 2101 1060 2149 est.
1092 2105 1238 2166 Itaque
1257 2119 1346 2150 non
1367 2105 1428 2152 est

157 2175 323 2219 bonum
346 2191 422 2236 per
439 2173 479 2219 se
501 2172 661 2220 munda
686 2174 839 2231 vestis,
857 2174 926 2220 sed
947 2175 1135 2221 mundae
1157 2175 1287 2222 vestis
1312 2177 1428 2224 elec„

157 2246 221 2294 tio
241 2263 251 2290 ε
270 2246 371 2309 quia
389 2263 479 2291 non
504 2246 548 2292 in
563 2264 610 2293 re
626 2248 790 2294 bonum
812 2246 897 2304 est,
917 2247 990 2294 sed
1016 2247 1060 2293 in
1078 2247 1289 2295 eleffione
1310 2265 1321 2294 ε
1342 2266 1428 2313 qua

159 2320 348 2367 afflones
367 2319 534 2367 nostrae
561 2320 767 2367 honestae
787 2320 883 2367 sunt
899 2354 913 2376 ‚
938 2338 1029 2366 non
1057 2320 1146 2382 ipsa
1168 2338 1276 2384 quae
1295 2339 1428 2385 agun-

159 2407 242 2439 tur.
272 2393 412 2453 Quod
441 2392 496 2439 de
514 2392 629 2440 veste
651 2393 769 2449 dixi,
798 2393 915 2439 idem
943 2395 997 2440 de
1025 2409 1216 2455 corpore
1235 2411 1305 2441 me
1334 2395 1428 2440 exi-

160 2465 283 2514 stima
313 2466 472 2514 dicere.
509 2482 610 2514 nam
645 2466 731 2514 hoc
759 2483 939 2531 quoque
981 2480 1162 2524 natura,
1204 2481 1252 2515 ut
1288 2484 1426 2532 quan-2
