1797 2956
373 227 464 273 240
628 214 674 260 L.
717 213 1010 258 ANNA'fit
1051 212 1394 259 SENECAE

368 319 548 366 colant:
578 320 718 365 multo
742 318 917 381 quidem
946 316 1107 382 magis,
1130 335 1258 381 quam
1287 318 1345 364 illi
1374 319 1582 383 inquieti,
1602 329 1646 370 e't

369 391 416 438 in
444 392 590 437 medio
620 391 777 454 posim
808 390 884 453 qui
903 389 1037 436 multa
1054 390 1326 453 principibus
1357 392 1540 449 debent,
1571 394 1645 444 sed
1707 438 1710 441 .

368 467 506 512 multa
538 479 581 512 et
609 467 854 526 imputant:
878 464 1034 527 quibus
1058 481 1279 528 nunquam
1305 479 1392 511 tam
1421 466 1545 528 plene
1564 484 1646 513 oc-

367 555 541 586 currere
574 538 657 583 ulla
682 537 909 585 liberalitas
934 535 1104 599 potest,
1121 549 1168 583 ut
1187 538 1444 599 cupiditates
1469 539 1644 586 illorum

364 629 478 675 >quae
511 611 736 668 crescunt,
771 613 874 656 dum
910 610 1169 672 implentur,
1197 611 1384 658 exsatiet.
1428 613 1644 675 Quisquis

368 696 510 730 autem
536 685 588 730 de
605 683 864 746 accipiendo
887 683 1074 745 cogitat,
1094 682 1253 728 oblitus
1270 685 1437 746 accepti
1466 684 1539 731 est.
1563 702 1645 732 nec

365 757 503 804 ullum
525 758 653 804 habet
677 756 841 803 malum
862 757 1073 819 cupiditas
1097 756 1261 814 maius,
1281 773 1409 819 quam
1433 758 1555 820 quod
1574 758 1643 804 in-

364 842 487 896 grata
515 832 587 878 est.
631 831 783 878 Adiice
815 849 929 878 nunc
947 865 960 887 ,
988 832 1112 894 quod
1146 847 1279 877 nemo
1310 847 1462 878 eorum
1490 832 1565 894 qui
1598 831 1644 878 in

365 904 586 967 republica
605 905 854 961 versantur,
881 921 994 968 quos
1018 906 1166 951 vincat
1181 941 1193 960 ‚
1216 905 1286 952 sed
1311 921 1334 949 a
1357 905 1517 967 quibus
1544 905 1645 951 vin->-

365 990 512 1035 catur‚
537 975 743 1039 adspicit:
766 990 807 1023 et
827 976 910 1024 illis
934 985 1026 1024 non
1054 991 1142 1024 tam
1165 977 1405 1023 iucundum
1432 976 1492 1022 est
1507 1012 1519 1035 ,
1542 978 1644 1023 mul-

366 1062 436 1097 tos
464 1049 560 1112 post
591 1051 632 1096 se
659 1049 837 1108 videre,
876 1066 1006 1113 quam
1042 1067 1201 1114 grave,
1233 1049 1420 1113 aliquem
1460 1061 1556 1095 ante
1589 1050 1644 1098 se0

366 1125 509 1170 Habet
530 1125 618 1170 hoc
643 1124 800 1172 vitium
823 1126 969 1171 omnis
997 1124 1208 1171 ambitio:
1230 1141 1320 1171 non
1340 1124 1526 1188 respicit.
1549 1127 1646 1173 Nec

366 1199 552 1246 ambitio
580 1211 747 1246 tantum
775 1196 977 1248 instabilis
1004 1200 1064 1248 est
1083 1233 1096 1255 ,
1125 1218 1281 1249 verum
1303 1201 1513 1264 cupiditas
1539 1217 1643 1246 om-

365 1274 463 1320 nis:
492 1272 591 1336 quia
619 1267 773 1336 incipit
801 1273 972 1337 semper
991 1290 1015 1320 a
1045 1272 1146 1321 fine.
1180 1278 1237 1320 At
1265 1273 1335 1320 ille
1363 1274 1430 1322 vir
1454 1268 1643 1321 sincerus

364 1364 414 1393 ac
444 1364 602 1409 purus,
628 1347 703 1410 qui
735 1347 910 1411 reliquit
935 1360 977 1394 et
1004 1347 1169 1394 curiam
1199 1362 1242 1394 et
1272 1345 1443 1403 forum,
1473 1361 1516 1394 et
1543 1365 1643 1393 om—

364 1436 465 1465 nem
501 1414 916 1467 administrationem
946 1419 1235 1483 reipublicae,
1270 1432 1318 1465 ut
1348 1416 1402 1465 ad
1429 1421 1640 1483 ampliora

364 1493 614 1550 secederet,
649 1492 789 1556 diligit
819 1510 895 1540 eos
925 1509 1002 1555 per
1031 1509 1145 1556 quos
1174 1494 1263 1539 hoc
1294 1493 1336 1539 ei
1371 1492 1514 1541 facere
1545 1505 1642 1540 tuto

364 1566 489 1623 licet,
526 1566 728 1630 solusque
755 1563 837 1612 illis
869 1560 1100 1629 gratuitum
1132 1564 1425 1613 testimonium
1464 1565 1608 1612 reddit
1627 1594 1644 1622 3

363 1652 405 1685 et
425 1656 625 1702 magnam
650 1655 742 1685 rem
768 1637 1055 1686 nescientibus
1081 1638 1220 1685 debet.
1247 1637 1641 1698 Quemadmodum

363 1722 671 1774 praeceptores
692 1710 789 1757 suos
808 1723 1038 1757 veneratur
1057 1728 1107 1756 ac
1127 1710 1326 1772 suspicit,
1346 1727 1537 1774 quorum
1559 1709 1639 1756 be-

363 1784 523 1832 neficio
548 1784 629 1831 illis
661 1785 700 1832 se
737 1784 851 1830 vitiis
883 1783 1034 1830 exuit:
1063 1776 1119 1829 {ic
1144 1795 1186 1830 et
1219 1782 1314 1838 his,
1343 1783 1419 1831 ‘sub
1447 1794 1640 1847 ‘quorum

364 1858 498 1905 tutela
521 1857 684 1920 positus
703 1870 875 1904 exercet
896 1870 1007 1903 artes
1029 1857 1180 1904 bonas.
1210 1860 1378 1905 Verum
1400 1858 1508 1904 alios
1526 1870 1640 1921 quo·

362 1946 449 1994 que
467 1948 544 1977 rex
563 1929 731 1977 viribus
757 1929 838 1975 suis
858 1929 1062 1992 protegit.
1082 1929 1178 1993 quis
1202 1928 1358 1993 negat?
1385 1929 1469 1975 Sed
1494 1946 1642 1993 quem·

362 2003 604 2049 admodum
644 2003 856 2064 Neptuno
890 2003 983 2063 plus
1015 2001 1176 2048 debere
1205 2003 1246 2048 se
1270 2001 1454 2056 iudicat,
1492 2018 1546 2048 ex
1575 2001 1640 2048 his

363 2076 440 2139 qui
470 2076 620 2122 eadem
648 2073 955 2137 tranquillitate
981 2073 1041 2120 usi
1068 2073 1188 2131 sunt,
1215 2073 1287 2137 qui
1319 2073 1442 2137 plura
1468 2085 1513 2121 et
1541 2091 1638 2136 preb

359 2147 538 2196 tiofiora
568 2148 645 2194 illo
671 2147 780 2194 mari
810 2146 931 2193 vexit
955 2165 965 2192 :
991 2157 1034 2194 et
1063 2146 1295 2194 animosius
1319 2164 1340 2193 a
1372 2159 1639 2204 mercatore,

359 2237 490 2286 quam
516 2239 540 2268 a
559 2222 736 2269 vectore
762 2220 946 2267 solvitur
971 2232 1126 2266 votum
1147 2229 1161 2276 3
1191 2233 1234 2267 et
1257 2237 1312 2267 ex
1339 2220 1440 2283 ipris
1466 2236 1636 2266 merca-

358 2294 529 2343 toribus
559 2293 733 2342 effufius
760 2308 904 2357 gratus
933 2292 994 2340 est
1011 2320 1026 2350 ³
1056 2293 1130 2356 qui
1159 2294 1322 2340 odores
1351 2310 1399 2340 ac
1425 2309 1637 2357 purpuras
1704 2290 1711 2298 ⁸

360 2379 403 2413 ct
422 2384 529 2414 auro
549 2367 765 2429 pensanda
785 2366 986 2429 portabat
1003 2401 1018 2422 ‚
1040 2382 1169 2429 quam
1196 2366 1269 2429 qui
1288 2362 1488 2413 viliffima
1509 2381 1636 2429 quae-

362 2457 448 2502 que
475 2452 518 2488 et
551 2440 747 2486 saburrae
774 2439 878 2485 loco
906 2438 1047 2485 futura
1078 2438 1345 2502 congesserat
1375 2457 1387 2485 ε
1418 2438 1474 2486 fic
1506 2437 1632 2484 huius

359 2511 476 2575 pacis
503 2510 766 2560 beneficium
788 2510 843 2558 ad
869 2527 1021 2559 omnes
1040 2510 1321 2574 pertinentis,
1339 2510 1461 2558 altius
1485 2509 1539 2558 ad
1557 2525 1634 2557 eos
