1807 3004
514 182 1094 230 EPISTOLAE.
1354 194 1435 241 135

169 305 210 338 et
234 291 278 338 in
305 289 423 338 curia
448 305 628 352 quaeras
649 307 659 335 :
685 288 715 334 fi
745 287 969 351 diligenter
998 283 1256 342 attenderis,
1289 299 1332 331 et
1358 285 1441 331 (lo-

170 366 231 411 mi
255 364 465 413 invenies.
494 363 630 425 Saepe
656 363 773 408 bona
798 359 976 407 materia
1001 358 1130 406 ceffat
1152 357 1239 404 sine
1262 356 1443 406 artifice.

169 450 310 493 tenta,
333 452 376 484 et
402 436 615 499 experire.
654 434 1044 496 Quemadmodum
1077 432 1224 480 stultus
1257 431 1344 489 est,
1367 431 1442 494 qui

169 526 330 571 equum
350 520 563 566 emturus,
584 524 674 554 non
694 508 832 569 ipsum
852 505 1044 568 inspicit,
1063 504 1136 552 sed
1155 504 1330 550 stratum
1349 504 1442 550 eius

169 599 218 628 ac
245 583 417 629 fraenos
443 600 454 629 ε
479 582 537 628 fic
562 581 826 628 stultiffimus
849 579 931 637 est,
954 578 1030 642 qui
1050 578 1278 624 hominem
1297 587 1369 623 aut
1387 592 1441 622 ex

168 655 311 711 veste,
337 669 411 701 aut
441 671 495 701 ex
524 654 808 710 conditione,
839 669 953 716 quae
986 652 1114 698 vestis
1143 651 1281 697 modo
1313 650 1442 697 nobis

167 728 431 773 circumdata
453 725 513 772 est
528 762 540 783 ,
567 725 774 772 aestimat.
801 728 960 770 Servus
976 723 1036 770 est
1055 724 1073 770 ?
1102 723 1174 770 sed
1199 722 1374 770 fortasse
1389 723 1442 769 li-

167 798 244 844 ber
262 797 424 849 animo.
444 799 603 844 Servus
623 796 713 843 est?
731 797 819 843 hoc
833 795 891 842 illi
913 795 1122 842 nocebit?
1145 794 1324 842 ostende
1344 794 1442 857 quis

166 886 258 915 non
288 869 350 916 sit.
394 869 512 916 Alius
537 868 708 915 libidini
741 868 902 923 servit,
928 866 1034 913 alius
1068 867 1304 925 avaritiae,
1335 866 1441 913 alius

168 941 424 997 ambitioni;
453 957 607 988 omnes
625 940 789 990 timori.
820 939 953 986 Dabo
971 939 1263 995 consularem,
1291 938 1441 985 anicu-

166 1015 232 1060 lae
258 1014 545 1070 servientem3
577 1014 692 1060 dabo
715 1012 942 1060 ancillulae
968 1012 1150 1059 divitem
1175 1030 1186 1058 :
1215 1012 1442 1062 ostendam

166 1088 455 1135 nobiliffimos
473 1087 653 1135 iuvenes
677 1085 894 1148 mancipia
918 1084 1310 1132 Pantomimorum.
1332 1084 1444 1132 Nul-

168 1162 210 1207 la
247 1162 431 1210 servitus
474 1161 649 1224 turpior
683 1160 774 1220 est,
819 1176 954 1223 quam
987 1159 1248 1208 Voluntaria⁰
1292 1161 1443 1219 Quare

169 1254 260 1284 non
286 1237 346 1284 est
365 1237 489 1301 quod
513 1235 718 1283 fastidiosi
739 1240 781 1283 te
806 1236 1067 1293 deterreant,
1087 1251 1178 1298 quo
1198 1235 1342 1281 minus
1362 1232 1444 1281 ser-

165 1309 234 1356 vis
269 1309 352 1356 tuis
382 1309 566 1355 hilarem
598 1320 641 1355 te
667 1305 851 1370 praestes
870 1339 884 1362 ,
913 1319 956 1354 et
987 1324 1078 1354 non
1105 1307 1285 1371 superbe
1309 1309 1441 1372 supe-

166 1384 345 1430 riorem.
375 1384 535 1430 Colant
552 1378 701 1446 potius
725 1393 788 1439 te,
808 1398 938 1445 quam
958 1382 1151 1430 timeant.
1174 1383 1310 1431 Dicet
1328 1400 1446 1432 nunc

167 1457 324 1518 aliquis
347 1491 359 1513 ,
387 1473 458 1503 me
488 1472 653 1502 vocare
683 1457 736 1503 ad
763 1457 925 1520 pileum
959 1457 1133 1516 servos,
1161 1472 1206 1504 et
1237 1458 1445 1505 dominos

168 1529 221 1575 de
249 1527 420 1592 fastigio
447 1529 524 1575 suo
553 1528 741 1576 deiicere
771 1546 782 1574 t
813 1529 936 1592 quod
966 1528 1086 1588 dixi,
1120 1530 1266 1577 colant
1297 1529 1442 1593 potius

170 1600 431 1657 dominum,
465 1617 596 1664 quam
642 1601 836 1649 timeant.
892 1602 1237 1667 Itane‚.inquit‚
1269 1605 1446 1667 prorsus

167 1672 315 1718 colant
336 1687 538 1735 tanquam
570 1673 772 1732 clientes,
801 1687 1004 1738 tanquam
1035 1675 1320 1734 salutatores?
1342 1677 1443 1724 Hoc

170 1743 248 1806 qui
274 1744 464 1801 dixerit,
494 1745 804 1805 obliviscetur,
842 1747 888 1794 id
925 1747 1118 1795 dominis
1146 1760 1300 1811 parum
1331 1749 1446 1810 effe,

170 1817 294 1880 quod
321 1818 428 1864 Deo
457 1818 554 1865 satis
573 1818 655 1876 est,
683 1819 756 1882 qui
780 1820 942 1867 colitur
968 1833 1012 1868 et
1034 1836 1215 1868 amatur.
1236 1823 1342 1869 Non
1360 1840 1444 1887 po-

168 1888 247 1934 test
281 1905 407 1934 amor
437 1906 538 1936 eum
569 1890 731 1937 timore
766 1891 948 1939 misceri.
994 1892 1237 1940 Reffiffime
1264 1911 1371 1959 ergo
1401 1911 1445 1943 te

169 1962 310 2009 facere
328 1961 494 2020 iudice,
504 1963 633 2026 quod
651 1963 793 2010 timeri
814 1981 837 2010 a
852 1965 986 2013 servis
1003 1966 1087 2014 tuis
1106 1970 1196 2014 non
1212 1969 1297 2027 vis,
1320 1971 1444 2034 quod

171 2036 411 2083 verborum
436 2035 713 2100 castigatione
737 2039 887 2086 uteris.
910 2041 1180 2090 Verberibus
1206 2044 1340 2090 multa
1368 2045 1446 2092 ad·-

173 2123 422 2157 monentur.
450 2127 543 2156 non
568 2111 781 2174 quidquid
798 2129 881 2159 nos
900 2112 1107 2173 offendit,
1131 2130 1174 2162 et
1198 2116 1340 2164 laedit.
1360 2118 1444 2165 Sed

170 2181 226 2228 ad
243 2182 410 2228 rabiem
439 2199 604 2247 cogunt
628 2186 781 2233 venire
813 2187 1018 2246 deliciae,
1035 2200 1092 2235 'ut
1106 2189 1326 2254 quidquid
1352 2199 1445 2240 non

99 2270 103 2272 ·
171 2270 224 2299 ex
241 2254 468 2302 voluntate
494 2256 747 2319 respondit,
770 2258 1130 2322 iramxprovocet.
1166 2263 1345 2325 Regum
1361 2280 1447 2310 no-

168 2326 235 2372 bis
263 2327 484 2375 induimus
507 2330 690 2378 animos.
724 2348 823 2378 narn
849 2332 911 2378 illi
933 2349 1114 2396 quoque
1147 2335 1276 2381 obliti
1304 2351 1348 2382 et
1377 2338 1442 2383 vi-

171 2400 283 2445 rium
304 2400 475 2448 suarum
491 2435 505 2459 ‚
525 2419 567 2451 et
590 2405 899 2452 imbecillitatis
924 2407 1110 2465 alienae,
1131 2408 1188 2455 sic
1211 2409 1445 2456 excandes-

176 2483 279 2519 cunt
294 2509 307 2533 ,
330 2474 387 2522 sic
413 2475 636 2539 iaeviunt,
661 2478 778 2543 quasi
801 2479 1002 2528 iniuriam
1033 2482 1303 2544 acceperint:
1323 2500 1348 2530 a
1371 2500 1448 2533 cu-

1112 2557 1129 2601 1
1163 2573 1193 2615 A}
