1807 3004
299 223 358 266 42
556 208 603 253 L.
648 207 934 255 ANNAEI
982 211 1334 258 SENECAE

296 331 407 360 rum.
437 315 586 361 Nemo
605 316 656 361 ad
684 316 921 362 humanum
949 317 1195 380 sanguinem
1223 328 1403 381 propter
1431 318 1572 381 ipsum

296 388 446 445 venit,
470 399 541 433 aut
560 388 797 433 admodum
815 389 939 450 pauci
957 407 967 435 :
990 390 1134 450 plures
1155 402 1423 451 computant,
1443 408 1575 454 quam

269 461 500 510 loderunt.
524 461 703 506 Nudum
736 461 845 506 latro
871 462 1151 509 transmittit:
1179 464 1305 509 etiam
1337 466 1379 509 in
1413 463 1576 510 obseffa

254 535 255 538 ’
299 531 373 577 via
399 532 577 595 pauperi
600 550 682 594 pax
702 532 775 579 est.
794 535 899 580 Tria
922 535 1078 582 deinde
1096 553 1148 582 ex
1166 538 1471 599 praeceptione
1494 554 1583 589 ve-‚

299 605 383 651 teri
411 604 662 668 praestanda
689 606 810 663 sunt,
839 620 885 652 ut
913 607 1105 654 vitentur
1125 627 1134 653 z
1158 609 1349 666 Odium,
1384 608 1580 666 Invidia,

300 677 582 724 Contemtus.
616 679 867 738 Quomodo
887 680 973 725 hoc
996 678 1090 737 fiat,
1109 679 1312 741 sapientia
1337 679 1424 725 sola
1447 697 1577 726 mon-

164 788 170 810 ,
299 748 459 796 strabit.
473 751 666 797 Difficile
683 754 801 797 enim
822 765 1216 814 temperamentum
1235 752 1310 809 est,
1320 754 1582 799 verendum·

295 840 410 886 que,
443 841 497 871 ne
525 825 568 870 in
599 838 873 871 contemtum
902 841 981 871 nos
1009 826 1204 872 invidiae
1232 826 1367 872 timor
1396 826 1580 873 transfe-

295 909 388 943 rat:
406 914 460 944 ne
479 898 582 944 dum
605 897 763 944 calcari
785 897 1007 953 nolumus,
1027 897 1256 943 videamur
1274 897 1394 958 poffe
1412 896 1579 944 calcari.

299 970 452 1016 Multis
471 969 652 1015 timendi
677 968 821 1015 attulit
850 968 1017 1025 causas,
1046 968 1189 1015 timeri
1217 968 1352 1030 poss'e.
1372 969 1581 1031 Undique

298 1056 382 1087 nos
413 1041 700 1087 reducamus:
721 1058 811 1087 non
837 1041 980 1087 miuus
1010 1041 1232 1088 contemni
1265 1058 1395 1105 quam
1421 1040 1578 1102 suspici

299 1123 445 1159 nocet.
475 1113 541 1158 Ad
563 1113 882 1175 philosophiam
906 1130 1013 1176 ergo
1034 1113 1377 1175 confugiendum
1398 1111 1471 1160 est.
1500 1112 1581 1158 hae

298 1183 450 1231 literae
472 1201 561 1230 non
591 1185 694 1231 dico
715 1187 830 1248 apud
858 1187 1001 1234 bonos
1021 1222 1033 1245 ,
1062 1187 1132 1233 sed
1162 1187 1278 1248 apud
1304 1186 1583 1233 mediocriter

299 1258 469 1314 malos,
493 1257 727 1304 infularum
753 1258 856 1305 loco
884 1259 994 1305 sunt.
1023 1259 1137 1304 Nam
1170 1258 1350 1305 sorenfis
1372 1258 1582 1320 eloquen-

299 1329 388 1386 tia,
409 1340 452 1376 et
477 1346 761 1393 quaecunque
787 1330 866 1377 alia
891 1331 1105 1393 populum
1130 1342 1352 1389 movent,
1382 1330 1582 1377 adversa-

299 1402 416 1450 rium
446 1403 632 1451 habent:
656 1404 761 1451 haec
783 1403 928 1467 quieta
944 1441 956 1462 ‚
985 1418 1028 1452 et
1047 1404 1109 1451 sui
1138 1404 1330 1467 negotii,
1356 1403 1584 1451 contemni

299 1493 395 1522 non
420 1476 562 1539 potest
583 1494 594 1522 :
616 1476 685 1524 cui
707 1476 760 1522 ab
778 1477 984 1523 omnibus
999 1477 1161 1523 artibus
1176 1508 1191 1532 ,
1211 1476 1339 1523 etiam
1358 1476 1472 1538 apud
1492 1475 1585 1538 pes-

300 1549 460 1605 fimos,
490 1550 640 1597 honor
669 1549 741 1596 est.
775 1551 1011 1613 Nunquam
1041 1550 1085 1596 in
1117 1563 1286 1598 tantum
1312 1549 1585 1598 convalescet

301 1623 494 1688 nequitia
511 1660 526 1681 ,
552 1641 777 1687 nunquam
798 1624 854 1670 fic
876 1639 1027 1670 contra
1048 1623 1233 1671 virtutes
1253 1623 1583 1678 coniurabitur,

301 1710 352 1742 ut
371 1712 461 1741 non
478 1696 782 1758 philosophiae
803 1712 966 1742 nomen
981 1696 1231 1742 venerabile
1250 1707 1292 1741 et
1308 1695 1472 1742 sacrum
1488 1711 1583 1740 ma-

300 1783 415 1816 neat.
440 1770 651 1816 Ceterum
683 1769 962 1832 philosophia
986 1769 1075 1832 ipsa
1103 1768 1332 1833 tranquille
1361 1767 1584 1813 modeste-

301 1859 389 1905 que
414 1843 634 1890 tra&anda
660 1841 734 1889 est.
760 1842 884 1902 Quid
909 1842 1047 1905 ergo?
1077 1841 1244 1905 inquis„
1269 1839 1491 1889 videbitur
1507 1840 1586 1887 tibi

299 1916 367 1963 M.
404 1916 519 1961 Cato
555 1911 750 1961 modeste
782 1914 1116 1977 philosophari,
1151 1914 1226 1977 qui
1262 1912 1422 1961 bellum
1453 1913 1585 1961 civile

299 1987 511 2036 sententia
531 1987 603 2034 sua
622 1987 851 2049 reprimit?
879 1987 956 2050 qui
975 1986 1213 2035 furentium
1237 1986 1486 2049 principum
1517 2002 1586 2032 ar-

302 2062 385 2110 mis
404 2063 570 2110 medius
593 2061 857 2108 intervenit?
881 2061 955 2124 qui
972 2061 1063 2109 aliis
1078 2061 1337 2124 Pompeium
1355 2061 1587 2108 offenden-

299 2136 440 2194 tibus,
461 2136 556 2183 aliis
576 2134 804 2182 Caesarem
822 2169 836 2192 ‚
857 2134 980 2180 simul
999 2134 1157 2182 laceffit
1177 2135 1319 2181 duos?
1343 2134 1487 2181 Potest
1507 2134 1588 2181 ali-

301 2211 400 2275 quis
417 2210 637 2274 disputare
650 2242 664 2265 ‚
694 2227 748 2256 an
768 2210 844 2254 illo
863 2222 1068 2272 tempore
1093 2210 1346 2273 capessenda
1363 2209 1497 2257 fuerit
1518 2209 1586 2256 sa-

301 2283 439 2346 pienti
475 2283 734 2345 respublica.
761 2282 887 2342 Quid
917 2282 992 2328 tibi
1018 2283 1084 2329 vis
1110 2286 1173 2329 M.
1198 2282 1343 2328 Cato?
1375 2283 1460 2328 iam
1494 2298 1588 2328 non

302 2356 445 2420 agitur
474 2357 528 2403 de
559 2356 787 2411 libertate,
808 2354 916 2400 olim
952 2354 1199 2417 pessundata
1229 2353 1318 2400 est:
1351 2354 1587 2416 quaeritur,

304 2441 451 2475 utrum
481 2429 637 2475 Caesar
653 2464 667 2485 ,
697 2444 751 2473 an
771 2428 1008 2490 Pompeius
1028 2427 1235 2490 poffideat
1258 2426 1587 2490 rempublicam.

276 2501 430 2562 „Quid
461 2501 541 2547 tibi
569 2518 669 2549 cum
696 2499 772 2547 ista
805 2500 1120 2549 contentione?
1152 2501 1290 2548 nullae
1320 2511 1463 2563 partes
1488 2510 1587 2545 tuae
