1797 2956
317 213 403 256 Im
535 197 1355 253 L.ANNAEISENECAE

308 314 381 348 aut
412 305 603 352 anchora
633 308 688 353 de
716 325 848 370 prora
879 297 1086 358 iaciatur:
1113 312 1185 359 sed
1206 330 1378 360 memor
1407 312 1576 362 artificii

307 376 396 422 mei
420 380 578 425 veteris
595 415 608 436 ,
632 379 759 426 mitto
781 399 849 428 me
869 382 913 428 in
939 401 1075 440 mare,
1103 388 1333 447 quomodo
1361 388 1578 449 psychro-

306 446 439 492 lutam
471 449 622 503 decet‚
657 450 924 515 gausapatus.
971 457 1098 516 Quae
1130 471 1250 517 putas
1282 474 1353 502 me
1381 457 1542 519 pastum
1564 492 1580 516 ,

308 517 410 563 dum
432 536 508 581 per
529 520 675 582 aspera
704 540 867 587 erepo,
887 526 990 571 dum
1016 526 1132 572 viam
1160 545 1324 590 quaero
1343 562 1356 584 ,
1377 530 1482 575 dum
1511 528 1577 575 fa-

301 589 416 656 cio?
449 593 787 651 Intellexi‚'non
817 597 1039 643 immerito
1070 600 1208 645 nautis
1230 615 1389 647 terram
1420 600 1578 646 timeri.

307 664 579 713 Incredibilia
612 668 708 716 sunt
726 706 737 727 ,
769 687 880 734 quaer
906 673 1075 718 tulerim
1097 690 1107 717 ε
1130 690 1228 718 cum
1255 691 1326 718 me
1354 673 1466 719 ferre
1487 689 1577 718 non

304 734 488 797 possem.
526 740 634 787 Illud
666 741 800 797 scito,
830 744 1027 807 Ufyii'em
1065 761 1152 790 non
1188 743 1312 790 fuisse
1345 760 1432 790 tam
1465 745 1578 790 irato

303 810 414 856 mari
442 828 614 869 natum,
647 826 693 860 ut
720 814 876 876 ubique
908 815 1127 878 naufragia
1154 815 1326 863 faceret.
1353 817 1578 864 nauseator

250 884 254 889 “
304 894 409 928 erat.
445 896 486 930 at
512 902 596 947 ego
618 901 883 949 quocunque
906 888 1109 949 navigare
1133 889 1345 946 debuero,
1368 889 1578 936 vicesimo

304 970 421 1001 anno
447 958 715 1020 perveni-sim.
753 962 815 1006 Ut
841 959 1033 1020 primum
1067 959 1335 1026 stomachum
1363 959 1465 1025 (scis
1486 977 1580 1008 non

305 1043 404 1074 cum
432 1030 537 1076 mari
559 1031 754 1078 nauseam
778 1031 994 1094 effu-gere)
1023 1033 1204 1095 collegi,
1227 1046 1276 1080 ut
1295 1046 1454 1095 corpus
1473 1052 1580 1082 unc-

304 1097 424 1145 tione
449 1102 670 1159 recreavi,
699 1094 853 1165 occepi
881 1120 1052 1148 mecum
1081 1103 1300 1165 cogitare,
1319 1117 1478 1166 quanta
1497 1121 1579 1152 nos

304 1172 514 1221 vitiorum
549 1177 799 1223 nostrorum
833 1177 1079 1240 sequeretur
1098 1178 1295 1237 oblivio,
1325 1179 1455 1225 etiam
1475 1196 1579 1226 cor-

303 1249 550 1309 poralium,
581 1267 692 1314 quae
721 1250 901 1296 subinde
930 1251 1169 1297 admonent
1196 1252 1279 1308 sui,
1301 1253 1460 1298 nedum
1481 1253 1579 1298 illo-

302 1336 399 1365 rum
426 1337 537 1384 quae
564 1339 619 1369 eo
646 1323 783 1386 magis
810 1322 964 1380 latent,
995 1338 1084 1385 quo
1105 1322 1271 1369 maiora
1296 1324 1408 1370 sunt.
1450 1323 1579 1371 Levis

302 1392 490 1455 aliquem
523 1395 795 1442 motiuncula
827 1394 987 1456 decipit
1013 1411 1022 1439 ε
1051 1394 1124 1441 sed
1158 1412 1258 1442 cum
1296 1395 1506 1451 creverit,
1537 1407 1581 1442 et

303 1481 408 1511 vera
428 1466 560 1515 febris
575 1467 805 1526 exarserit,
830 1467 958 1513 etiam
977 1466 1090 1513 duro
1110 1478 1151 1512 et
1175 1468 1423 1531 perpeffitio
1435 1504 1448 1527 ,
1468 1484 1580 1515 con-

300 1536 532 1586 feffionem
565 1542 748 1604 accepit.
778 1542 913 1588 Pedes
943 1541 1118 1597 dolent,
1146 1540 1318 1590 articuli
1343 1542 1579 1602 punffiun-

301 1610 416 1658 culas
446 1612 634 1661 sentiunt
662 1631 672 1660 :
703 1614 844 1661 adhuc
880 1613 1191 1661 diffimula‘mus
1211 1649 1224 1672 ,
1264 1630 1308 1661 et
1343 1626 1415 1662 aut
1444 1615 1578 1661 talum

298 1687 525 1734 extorsisse
560 1704 639 1735 nos
671 1688 855 1736 dicimus
875 1723 887 1743 ,
923 1699 995 1734 aut
1022 1687 1067 1733 in
1095 1687 1405 1734 exercitatione
1437 1687 1579 1751 aliqua

298 1757 526 1806 laborasse.
548 1761 705 1807 Dubio
727 1773 768 1807 et
787 1760 1024 1823 incipiente
1053 1760 1239 1814 morbo,
1257 1759 1476 1822 quaeritur
1496 1776 1579 1805 no-

298 1847 399 1876 men
420 1849 431 1877 :
464 1833 539 1894 qui
563 1833 713 1878 talaria
738 1833 888 1894 coepit
911 1832 1165 1887 intendere,
1193 1843 1234 1878 et
1258 1844 1466 1894 utrosque
1497 1848 1576 1894 pe-

299 1905 376 1950 des
403 1906 577 1952 dextros
596 1906 716 1964 fecit,
744 1905 912 1952 necesse
931 1904 992 1950 est
1012 1905 1254 1968 podagram
1283 1903 1423 1950 fateri.
1449 1905 1577 1950 Con-

298 1968 364 2024 {fa
390 1978 537 2024 evenit
560 1979 603 2024 in
638 1979 688 2025 iis
725 1979 892 2025 morbis
909 2014 923 2035 ,
951 1978 1108 2041 quibus
1135 1976 1384 2023 afficiuntur
1410 1975 1576 2023 animi:

297 2067 391 2114 quo
413 2051 510 2114 quis
531 2052 651 2113 peius
671 2052 709 2097 se
737 2052 891 2106 habet,
918 2052 1060 2098 minus
1079 2049 1219 2096 sentit.
1250 2050 1355 2095 Non
1373 2047 1434 2095 est
1454 2048 1578 2112 quod

300 2126 469 2174 mireris
487 2163 500 2184 ‚
526 2128 665 2174 Lucili
696 2127 922 2174 cariffime.
950 2128 1064 2173 Nam
1096 2127 1171 2190 qui
1202 2125 1358 2172 leviter
1388 2124 1577 2182 dormit,

300 2212 344 2246 et
368 2199 530 2261 species
559 2199 792 2248 secundum
820 2200 1009 2263 quietem
1037 2200 1181 2261 capit,
1208 2197 1443 2261 aliquando
1469 2197 1576 2243 dor-

299 2271 411 2318 mire
430 2272 470 2318 se
496 2273 718 2319 dormiens
739 2274 920 2336 cogitat:
941 2273 1083 2336 gravis
1112 2272 1286 2317 somnus
1310 2270 1440 2317 etiam
1455 2268 1576 2315 som-

300 2343 372 2389 nia
391 2344 622 2407 exstinguit
639 2380 650 2401 ‚
668 2345 946 2407 animumque
966 2345 1088 2390 altius
1107 2345 1283 2406 mergit,
1299 2359 1427 2405 quam
1446 2355 1494 2388 ut
1515 2339 1576 2386 uti

303 2416 395 2463 ullo
420 2417 634 2464 intellectu
666 2417 782 2464 sinat.
810 2420 959 2477 Quare
990 2417 1094 2462 vitia
1121 2416 1207 2462 sua
1225 2431 1359 2462 nemo
1387 2412 1574 2460 confite-

300 2490 402 2537 tur?
427 2491 528 2555 quia
548 2491 679 2540 etiam
701 2507 820 2539 nunc
844 2490 891 2538 in
914 2489 997 2538 illis
1018 2489 1092 2538 est.
1122 2487 1350 2536 Somnium
1382 2501 1572 2544 narrare,
