1807 3004
455 167 1180 214 ‘EPISTOLAE-
1346 182 1433 232 3¹5

166 279 262 325 <Iam
287 270 532 324 auferetur:
556 275 803 336 praesemina
839 292 937 319 cum
965 273 1023 319 illi
1051 289 1141 318 non
1171 289 1334 329 unum,
1368 273 1443 320 sed

166 351 419 397 universum
455 348 683 395 affectuum
718 363 892 395 coetum
927 347 1163 408 relinquis,
1203 362 1305 392 cum
1350 363 1443 409 quo
1492 349 1498 352 ”

164 426 433 471 collaetetur.
461 423 557 468 Plus
579 421 719 483 potest
746 421 949 485 quamvis
980 419 1273 466 mediocrium
1294 421 1442 478 turba,

163 515 294 560 quam
316 496 454 558 poffet
477 497 603 541 unius
627 495 771 557 magni
800 494 1022 540 violentia.
1056 494 1200 539 Habet
1230 493 1442 554 pecuniae

165 571 467 631 cupiditatem,
499 569 569 615 sed
590 569 810 614 modicam
835 585 845 614 :
874 569 1000 613 habet
1025 566 1342 622 ambitionem,
1368 566 1442 613 sed

166 634 538 688 non'concitatan:
561 659 570 686 :
596 641 725 687 habet
742 640 1009 686 iracundiam
1029 671 1043 694 ‚
1062 639 1132 685 sed
1151 639 1405 701 placabilem
1428 656 1441 684 ε

166 715 292 762 habet
309 716 640 763 inconstantiam
660 753 672 771 ,
691 717 760 761 sed
780 716 924 761 minus
945 732 1098 778 vagam
1126 731 1175 760 ac
1200 714 1442 760 mobilem:

165 788 293 835 h‘fibet
317 789 541 835 libidinem
556 821 569 843 ‚
598 805 687 835 non
706 788 926 834 insaniam.
947 787 1103 833 Melius
1123 804 1223 834 cum
1244 787 1319 833 illo
1340 803 1444 850 age·

166 874 311 918 retur,
348 862 423 923 qui
456 879 589 906 unum
626 862 784 907 vitium
820 861 1033 924 integrum
1070 861 1274 915 haberet,
1308 876 1443 922 quam

166 948 267 978 curn
307 949 363 979 eo
399 934 474 994 qui
514 933 683 979 leviora
720 933 923 994 quidem,
965 932 1037 978 sed
1072 932 1234 979 omnia.
1267 932 1445 978 Deinde

168 1005 275 1050 nihil
311 1005 509 1063 interest,
535 1023 664 1068 quam
699 1022 877 1066 magnus
909 1005 957 1050 fit
992 1005 1165 1052 affe&tts
1200 1024 1212 1052 ε
1241 1006 1445 1068 quantus-

168 1094 341 1137 cunque
378 1078 437 1123 est
459 1115 470 1133 ‚
506 1095 656 1139 parere
695 1079 856 1132 nescit,
895 1077 1119 1124 consilium
1152 1093 1242 1122 non
1276 1076 1446 1138 accipit.

165 1150 554 1208 Quemadmodum
576 1149 737 1196 rationi
766 1151 929 1196 nullum
956 1149 1113 1194 animal
1141 1150 1445 1211 obtemperat,

165 1237 257 1266 non
280 1221 443 1279 ferum,
481 1238 569 1266 non
601 1223 887 1274 domesticum
919 1235 963 1268 et
992 1221 1127 1267 mite:
1150 1237 1299 1267 natura
1326 1221 1442 1267 enim

169 1292 344 1337 illorum
376 1293 435 1337 est
467 1293 589 1338 surda
610 1293 833 1338 suadenti:
855 1291 910 1338 sic
933 1308 1024 1337 non
1057 1290 1320 1353 sequuntur,
1352 1309 1443 1338 non

169 1365 350 1411 audiunt
379 1365 582 1424 affectus,
607 1365 973 1428 quantulicumque
1004 1364 1099 1410 fint.
1130 1366 1285 1427 Tigres
1307 1401 1321 1422 ‚
1349 1365 1446 1411 leo—

170 1438 329 1500 nesque
360 1456 580 1501 nunquam
613 1440 826 1485 feritatem
856 1451 1050 1494 exuunt,
1087 1437 1320 1500 aliquando
1350 1438 1448 1485 sub-

171 1511 348 1556 mittunt
369 1529 379 1557 :
409 1523 451 1558 et
478 1529 575 1558 cum
598 1511 777 1558 minime
797 1509 1139 1573 exspectaveris,
1174 1510 1447 1572 exasperatur

170 1585 353 1631 torvitas
391 1586 598 1647 mitigata.
634 1587 868 1648 Nunquam
907 1585 1024 1631 bona
1064 1583 1150 1629 fide
1185 1584 1292 1630 vitia
1325 1602 1447 1630 man-

171 1654 381 1702 suescunt.
414 1658 588 1704 Deinde
616 1657 645 1703 st
670 1658 778 1703 ratio
805 1656 1003 1719 proficit,
1039 1675 1094 1703 ne
1121 1656 1330 1719 incipient
1346 1658 1444 1719 qui-

167 1727 270 1772 dem
299 1727 488 1776 affe-uus.
523 1730 550 1775 fi
572 1730 709 1776 invita
730 1729 899 1776 ratione
925 1729 1172 1791 coeperint,
1190 1729 1329 1778 invita
1349 1746 1446 1791 per-

171 1801 442 1850 severabunt.
471 1805 649 1851 Facilius
674 1804 733 1850 est
761 1805 906 1860 enim,
941 1803 1061 1849 initia
1087 1803 1262 1849 illorum
1293 1803 1446 1865 probi-³

173 1873 304 1930 bere,
340 1892 470 1937 quam
510 1878 722 1939 impetum
757 1893 920 1938 regere.
956 1874 1069 1920 Falsa
1102 1875 1163 1920 est
1193 1875 1340 1938 itaque
1371 1875 1447 1921 ista

175 1946 453 1994 mediocritas
465 1962 508 1995 et
526 1949 707 2005 inutilis,
724 1949 970 2010 eodemque
986 1949 1089 1993 loco
1107 1948 1299 1994 habenda
1309 1984 1322 2004 ,
1337 1965 1446 2012 quo,

174 2016 203 2062 fi
235 2018 328 2080 quis
351 2020 511 2066 diceret
528 2056 539 2077 ,
562 2020 739 2065 modice
758 2018 1050 2065 insaniendum
1069 2055 1081 2076 ‚
1099 2020 1274 2066 modice
1292 2036 1444 2083 aegro-

173 2091 366 2137 tandum.
400 2093 497 2138 Sola
520 2093 658 2140 virtus
683 2092 832 2148 habet,
851 2108 940 2138 non
961 2093 1178 2155 recipiunt
1205 2093 1334 2138 animi
1357 2109 1446 2138 ma-

175 2161 238 2216 la,
257 2176 670 2222 temperamentum:
697 2164 860 2209 facilius
880 2163 1092 2210 sustuleris
1111 2165 1203 2222 illa,
1230 2181 1361 2228 quam
1380 2181 1449 2211 re-

175 2234 304 2280 xeris.
337 2235 563 2296 Numquid
587 2235 764 2281 dubium
792 2235 880 2292 est,
903 2236 1007 2298 quin
1040 2236 1144 2282 vitia
1175 2237 1332 2283 mentis
1364 2237 1447 2284 hu·

177 2323 332 2351 manae
358 2306 595 2353 inveterata
629 2322 669 2353 et
691 2308 795 2352 dura
811 2343 822 2361 ,
856 2324 964 2368 quae
989 2309 1170 2355 morbos
1205 2308 1414 2356 vocamus
1431 2346 1446 2369 ,

176 2377 464 2425 immoderata
489 2379 592 2425 fint:
617 2396 664 2427 ut
688 2380 893 2436 avaritia,
925 2393 973 2425 ut
1002 2382 1258 2439 crudelitas,
1293 2396 1339 2429 ut
1358 2384 1445 2429 im·-

178 2451 373 2511 potentia
391 2482 405 2507 ,
436 2462 484 2498 ut
505 2452 737 2516 impietas?
766 2468 871 2516 ergo
898 2453 1179 2502 immoderati
1205 2454 1300 2502 sunt
1325 2468 1366 2502 et
1385 2455 1447 2502 af-
