1797 2956
309 198 397 245 ¹74
527 147 944 230 'LANNAE1
993 183 1344 231 SENECAE

301 288 523 335 mittamus
541 288 732 334 animum
751 288 889 334 adina
909 305 1020 351 quae
1038 302 1207 335 aeterna
1232 289 1337 336 sunt.
1363 287 1576 335 miremur

302 361 350 407 in
366 360 537 406 sublimi
559 359 788 406 volitant-es
816 377 958 405 rerum
982 362 1181 407 omnium
1206 361 1393 407 formas:
1414 362 1575 407 Deum-

300 449 386 496 que
406 431 518 477 inter
537 432 606 476 illa
627 431 888 486 versantem,
907 445 949 478 et
969 432 1056 478 hoc
1074 434 1403 495 providentem,
1429 451 1575 497 quem-

299 504 542 551 admodum
571 518 680 565 quae
707 502 968 548 immortalia
996 503 1138 552 facere
1167 522 1258 551 non
1282 506 1453 569 potuit,
1472 506 1576 569 quia

300 577 484 623 materia
516 575 807 638 prohibebat,
838 574 1045 622 defendat
1073 593 1096 622 a
1124 594 1293 637 morte,
1326 595 1375 626 ac
1405 579 1576 625 ratione

299 649 458 696 vitium
490 648 690 709 corporis
715 648 876 693 vincat.
914 647 1096 694 Manent
1124 650 1241 694 enim
1274 651 1452 707 cuneta,
1482 665 1576 695 non

299 721 401 783 quia
427 734 601 767 aeterna
619 719 738 777 sunt,
769 719 838 765 sed
860 720 961 783 quia
984 720 1275 767 defenduntur
1301 739 1401 768 cura
1421 736 1576 785 regen-

298 793 365 839 tis.
408 793 674 839 Immortalia
705 804 849 838 tutore
895 808 985 837 non
1017 807 1158 856 egent.
1204 795 1311 840 haec
1345 795 1576 842 conservat

298 865 486 924 artifex,
512 866 787 929 fragilitatem
815 865 1016 912 materiae
1044 867 1092 913 vi
1121 866 1194 912 sua
1221 867 1415 913 vincens.
1450 869 1577 913 Con-

297 952 545 985 temnamus
572 940 742 993 omni<³1‚
773 955 884 1000 quae
911 939 1023 984 adeo
1055 938 1244 1000 pretiosa
1275 955 1367 984 non
1389 938 1510 996 sunt,
1530 950 1589 998 ut⁴

297 1030 352 1060 an
383 1015 461 1061 sint
483 1015 697 1072 omnino,
718 1014 899 1060 dubium
927 991 1124 1059 fit.'111ud
1146 1013 1271 1059 simul
1301 1013 1543 1076 cogitemus
1562 1048 1578 1071 ,

298 1086 329 1133 fi
359 1087 570 1132 mundum
593 1086 735 1149 ipsum
767 1102 857 1131 non
883 1085 1026 1130 minus
1047 1085 1275 1131 mortalem
1295 1118 1308 1142 ‚
1334 1103 1466 1147 quam
1497 1102 1579 1132 nos

299 1159 474 1212 sumus,
512 1157 793 1219 providentia
827 1156 1027 1219 periculis
1062 1156 1241 1214 eximit,
1279 1157 1400 1220 posse
1432 1170 1578 1203 tamen

299 1231 568 1291 aiiquatenus
616 1229 761 1274 nostra
795 1245 974 1291 quoque
1011 1229 1290 1290 providentia
1328 1230 1578 1292 longiorem

299 1303 533 1365 prorogari
575 1301 677 1348 huic
710 1300 972 1364 corpusculo
1002 1317 1171 1346 moram
1192 1335 1206 1358 ‚
1232 1300 1262 1345 fi
1295 1302 1543 1364 voluptates
1563 1336 1577 1359 ‚

298 1376 459 1439 quibus
486 1391 583 1437 pars
603 1374 742 1420 maior
761 1373 872 1436 perit
887 1409 899 1430 ‚
923 1374 1193 1436 potuerimus
1217 1391 1368 1438 regere
1389 1390 1431 1422 et
1449 1376 1578 1422 coer-

301 1466 414 1495 cere.
447 1448 573 1494 Plato
593 1447 682 1509 ipse
705 1447 759 1492 ad
786 1446 1047 1493 sene&tttem
1072 1447 1114 1493 se
1137 1446 1357 1509 dilige-ntia
1385 1448 1579 1509 pertulit.

302 1524 406 1568 Erat
442 1521 624 1584 quidem
656 1536 816 1582 corpus
848 1519 1046 1566 validum
1077 1535 1126 1566 ac
1155 1519 1270 1565 forte
1303 1520 1504 1578 sortitus,
1537 1533 1580 1568 et

300 1592 362 1640 illi
395 1607 556 1637 nomen
578 1591 762 1638 latitudo
788 1591 978 1653 petitoris
1010 1589 1199 1638 fecerat:
1230 1590 1300 1636 sed
1331 1591 1578 1653 navigatio·

302 1681 378 1711 nes
404 1680 453 1710 ac
482 1663 674 1726 pericula
705 1664 888 1709 multum
915 1664 1195 1709 detraxerunt
1221 1662 1412 1717 viribu53
1447 1662 1578 1723 parfi-

300 1736 452 1784 monia
468 1748 631 1792 tamen,
650 1747 693 1782 et
706 1752 852 1782 earum
875 1752 983 1796 quae
1004 1735 1254 1781 aviditatem
1275 1750 1464 1781 evocant
1483 1751 1578 1781 mo·

303 1810 383 1856 dus
401 1844 414 1865 ,
435 1820 478 1855 et
508 1806 693 1871 diligens
716 1808 779 1855 sui
798 1811 928 1855 tutela
944 1845 956 1865 ‚
986 1807 1190 1871 perduxit
1217 1808 1336 1853 illum
1355 1809 1408 1854 ad
1434 1807 1579 1855 senec-

301 1892 438 1927 tutem
456 1911 470 1935 ‚
499 1880 644 1926 multis
673 1879 1008 1942 prohibentibus
1034 1879 1180 1926 causis.
1221 1881 1334 1926 Nam
1357 1880 1442 1926 hoc
1473 1880 1578 1938 scis,

302 1967 442 2019 puto,
477 1953 646 1999 Platoni
673 1952 917 2016 diligentiae
949 1953 1047 2000 suae
1079 1951 1296 2000 beneficio
1320 1951 1546 2015 contigiffe
1565 1987 1580 2011 ‚
1608 1990 1611 1991 γ

303 2027 428 2091 quod
457 2026 587 2072 natali
611 2025 689 2072 suo
714 2026 909 2084 decefist,
941 2042 984 2073 et
1004 2043 1163 2072 annum
1190 2042 1328 2072 unum
1353 2041 1481 2090 atque
1499 2042 1578 2073 oc-

303 2100 562 2163 togefimum
582 2099 783 2161 implevit
798 2135 810 2155 ‚
834 2099 921 2148 fine
941 2100 1027 2147 una
1053 2101 1328 2147 deduffione.
1358 2101 1462 2147 Ideo
1486 2103 1579 2146 Ma·—

305 2173 376 2236 gi,
402 2170 478 2235 qui
507 2170 627 2218 forte
652 2171 837 2218 Athenis
862 2184 1009 2229 erant,
1033 2170 1371 2218 immolaverunt
1394 2171 1581 2218 defunc·

305 2254 376 2299 to,
401 2242 627 2306 amplioris
653 2242 779 2289 fuifi'e
805 2242 930 2289 sortis
955 2260 1085 2306 quam
1109 2244 1322 2290 humanae
1346 2242 1452 2301 rati,
1479 2244 1580 2307 quia

305 2313 641 2361 consummasset
672 2314 1023 2377 perstffiffimum
1053 2332 1313 2371 numerum,
1343 2330 1471 2378 quem
1496 2331 1578 2360 no·-

306 2403 410 2433 vem
440 2387 599 2434 novies
625 2387 909 2449 muktiplicata
936 2401 1226 2449 componunt.
1259 2389 1365 2434 Non
1393 2387 1547 2434 dubito
1564 2421 1578 2445 ‚

304 2459 416 2522 quin
447 2475 620 2522 paratus
649 2459 752 2507 effer
786 2476 954 2524 paucos
986 2460 1076 2508 dies
1109 2476 1164 2509 ex
1198 2459 1277 2508 ista
1312 2461 1504 2518 summa,
1536 2475 1582 2508 et
