1807 3004
505 201 1078 248 EPISTOLAE.
1335 215 1423 268 207

145 318 252 382 quin
276 317 449 366 felicior
480 334 563 380 pax
598 317 648 364 fit
677 327 899 379 nunquam
932 313 1139 370 laceffita,
1162 328 1293 376 quam
1313 313 1426 359 mul-

146 406 195 440 to
213 405 407 455 reparata
431 390 649 453 sanguine.
678 391 784 435 Non
812 387 871 435 est
896 387 1075 434 dubium
1091 419 1105 441 ‚
1129 386 1297 450 inquit,
1321 387 1428 449 quin

146 468 318 514 {elicior
340 465 389 513 fit
419 465 674 512 inconcussa
712 463 945 520 valetudo,
982 478 1110 524 quam
1137 478 1191 507 ex
1221 461 1429 524 gravibus

147 538 316 585 morbis
345 550 389 585 et
415 553 605 583 extrema
631 534 926 583 minitantibus
952 534 997 579 in
1015 546 1155 580 tutum
1174 532 1219 580 vi
1241 533 1427 595 quadam

148 624 191 658 et
215 609 417 673 patientia
441 609 605 655 educia.
643 608 814 654 Eodem
838 607 977 653 modo
1001 621 1092 651 non
1112 605 1193 651 erit
1217 604 1396 652 dubium
1413 639 1429 661 ,

149 683 256 747 quin
274 681 409 729 maius
427 682 596 728 bonum
615 681 664 727 fit
688 679 894 744 gaudium
910 713 924 735 ‚
948 694 1080 740 quam
1099 677 1320 724 obnoxius
1339 677 1431 723 ani-

148 769 246 800 mus
267 752 321 799 ad
340 750 648 815 perpetiendos
671 749 888 798 cruciatus
904 749 1133 795 vulnerum
1157 759 1229 793 aut
1247 746 1431 810 ignium.

152 824 335 870 Minime
358 841 368 869 :
390 824 458 869 illa
475 823 592 869 enim
612 838 721 885 quae
749 820 929 868 fortuita
948 819 1069 877 sunt,
1088 818 1325 881 plurimum
1346 818 1433 865 dis-

150 894 345 943 criminis
365 894 577 956 recipiunt
599 911 610 939 z
629 892 905 939 aestimantur
923 890 1041 938 enim
1059 890 1241 937 utilitate
1262 889 1434 936 sumen-

150 967 274 1013 tium.
308 968 539 1013 Bonorum
576 983 713 1012 unum
748 964 1021 1028 propositum
1060 963 1154 1021 est,
1190 963 1435 1009 consentire

151 1055 340 1085 naturae.
368 1039 453 1085 hoc
487 1038 532 1083 in
560 1037 765 1084 omnibus
803 1053 880 1099 par
910 1035 984 1082 est.
1029 1036 1144 1081 Cum
1176 1035 1358 1082 alicuius
1389 1036 1435 1082 in

154 1111 302 1156 senatu
341 1108 592 1155 sententiam
630 1108 880 1171 sequimur,
916 1123 1008 1153 non
1036 1106 1176 1170 potest
1208 1108 1296 1155 dici
1321 1126 1330 1154 ε
1360 1109 1437 1156 Ille

153 1184 290 1247 magis
309 1182 558 1239 assentitur,
587 1199 718 1245 quam
743 1182 814 1228 ille
835 1199 846 1228 ε
878 1182 932 1228 ab
953 1182 1163 1229 omnibus
1186 1182 1231 1228 in
1251 1182 1437 1231 eandem

152 1255 404 1303 sententiam
432 1256 531 1301 itur.
556 1254 675 1301 idem
698 1254 752 1301 de
772 1253 1007 1301 virtutibus
1026 1254 1130 1299 dico
1150 1275 1158 1298 :
1182 1270 1336 1302 omnes
1355 1271 1435 1301 na-

153 1343 275 1377 turae
303 1328 595 1376 assentiuntur.
628 1327 744 1373 idem
764 1327 818 1372 de
846 1326 977 1373 bonis
1008 1327 1110 1373 dico
1137 1345 1147 1373 ε
1175 1329 1325 1375 omnia
1355 1346 1437 1376 na-

155 1416 277 1449 turae
301 1401 592 1448 assentiuntur.
622 1401 743 1446 Alter
759 1399 1008 1446 adolescens
1031 1400 1229 1459 deceffit‚
1249 1403 1357 1448 alter
1375 1403 1438 1449 se-

156 1493 272 1530 nex,
305 1474 456 1537 aliquis
490 1489 660 1536 praeter
691 1473 773 1520 hos
807 1473 977 1530 infans,
1008 1472 1081 1519 cui
1114 1474 1221 1519 nihil
1255 1476 1438 1537 amplius

156 1547 372 1611 contingit
389 1582 402 1604 ,
428 1564 559 1610 quam
587 1547 837 1609 prospicere
857 1546 995 1593 vitam
1019 1563 1203 1593 :omnes
1230 1548 1274 1594 hi
1299 1566 1440 1613 aeque

155 1621 279 1667 fuere
298 1620 525 1677 mortales,
549 1619 680 1666 etiam
701 1619 731 1664 fi
750 1635 870 1667 mors
888 1619 1079 1666 aliorum
1102 1619 1276 1682 longius
1299 1620 1440 1668 vitam

156 1693 273 1756 paffa
300 1693 360 1739 est
389 1693 660 1756 procedere,
689 1693 875 1741 aliorum
908 1693 954 1739 in
985 1692 1136 1740 medio
1170 1693 1282 1741 flore
1308 1711 1440 1758 prae-

157 1767 292 1824 cidit,
316 1766 506 1813 aliorum
532 1766 763 1829 interrupit
790 1766 1019 1830 principia.
1044 1766 1168 1813 Alius
1190 1767 1306 1815 inter
1332 1784 1442 1816 coe·-

156 1840 350 1887 nandum
378 1839 546 1887 solutus
574 1839 660 1897 est,
683 1839 858 1887 alterius
887 1839 1140 1888 continuata
1164 1856 1286 1888 mors
1315 1841 1440 1888 som-

158 1930 220 1960 no
252 1914 346 1971 est,
384 1914 572 1976 aliquem
607 1913 868 1961 concubitus
903 1914 1116 1964 exstinxit.
1156 1916 1222 1964 his
1257 1933 1441 1981 oppone

160 1988 278 2034 ferro
303 1985 586 2042 transfossos,
605 2001 680 2034 aut
696 1987 968 2035 exanimatos
986 1986 1238 2052 'serpentum
1257 1991 1408 2038 morsu
1424 2023 1440 2047 ‚

163 2074 237 2106 aut
264 2059 423 2106 fractos
440 2058 579 2120 *ruina
597 2094 610 2117 ‚
641 2073 715 2107 aut
744 2076 824 2124 per
851 2060 1029 2124 longam
1058 2079 1304 2109 nervorum
1330 2080 1441 2109 con-

160 2133 416 2180 traffionem
452 2144 653 2180 extortos
687 2132 948 2181 minutatim.
984 2133 1234 2198 aliquorum
1279 2136 1440 2183 melior

162 2205 283 2262 dici,
316 2204 562 2268 aliquorum
593 2204 720 2268 peior
752 2205 893 2270 potest
925 2205 1094 2254 exitus:
1115 2223 1236 2254 mors
1261 2208 1439 2272 quidem

163 2278 362 2325 omnium
389 2294 466 2340 par
487 2277 561 2325 est.
590 2295 670 2342 per
690 2295 803 2342 quae
821 2279 972 2337 venit,
1000 2279 1169 2327 diversa
1182 2280 1278 2328 sunt
1295 2298 1309 2336 ;
1327 2280 1373 2327 id
1392 2280 1439 2327 in

163 2351 286 2414 quod
302 2350 525 2410 desinunt,
548 2368 684 2398 unum
706 2351 779 2398 est.
803 2368 925 2400 mors
949 2351 1063 2399 nulla
1090 2352 1233 2399 maior
1261 2365 1339 2400 aut
1356 2352 1441 2401 mi-

164 2439 249 2469 nor
268 2422 329 2469 est
354 2441 364 2469 ι
397 2423 528 2470 habet
554 2423 670 2471 enim
695 2426 881 2472 eundem
915 2424 960 2471 in
987 2423 1194 2472 omnibus
1223 2423 1440 2482 modum,

165 2493 304 2544 finisse
329 2494 480 2546 vitam.
516 2495 638 2545 Idem
666 2495 748 2546 tibi
770 2497 824 2546 de
847 2495 976 2546 bonis
1000 2495 1116 2547 dico·
1156 2496 1245 2547 hoc
1267 2496 1440 2545 bonum
