1797 2956
268 196 354 240 ¹4³.
490 175 908 225 LANNAEt
959 175 1333 220 SENECAE

262 287 510 336 Exhortare
530 284 737 331 adversus
759 280 951 328 difficilia
967 316 981 338 ,
1007 280 1061 346 de
1079 279 1440 343 aequanimitate:
1465 279 1546 326 acl-

259 360 409 407 versus
422 357 690 407 inevitabilia
703 391 715 410 ,
731 354 942 418 angustias
961 353 1172 415 temporis
1189 353 1276 399 mei
1295 353 1390 398 laxa
1407 371 1416 398 :
1437 353 1550 400 doce

260 452 354 482 non
376 433 460 480 effe
489 431 676 494 positum
697 431 865 476 bonum
896 429 1013 475 vitae
1041 428 1084 473 in
1108 427 1245 492 spatio
1270 428 1360 476 eius
1378 461 1391 484 ‚
1418 428 1553 474 sedin

260 508 368 555 usu:
397 505 522 569 poffe
549 502 668 561 fieri,
698 504 838 549 immo
869 502 1111 564 saepissime
1141 500 1262 560 fieri,
1293 517 1344 549 ut
1370 502 1446 564 qui
1478 501 1554 548 diu

263 581 395 637 vixit,
416 597 568 644 parum
585 579 757 626 vixerit.
778 578 869 624 Dic
889 577 996 622 mihi
1015 576 1268 622 dormituro
1284 613 1297 634 ‚
1315 579 1443 624 Potes
1463 593 1555 623 non

263 652 502 716 expergisci
523 669 534 698 z
563 651 633 697 dic
652 650 914 712 experrecto
932 685 945 706 ‚
975 649 1104 694 Potes
1125 664 1215 693 non
1239 649 1434 694 dormire
1463 666 1557 694 am-

263 727 390 788 plius.
423 724 708 789 Dic‘exeunti
722 759 735 779 ‚
757 725 886 768 Potes
905 738 994 767 non
1016 721 1180 768 reverti
1201 738 1213 766 :
1235 721 1306 767 dic
1324 721 1553 777 redeunti,

264 799 394 843 Potes
423 812 513 842 non
544 795 677 842 exire.
713 797 870 847 Erras,
900 791 928 837 si
965 791 1008 838 in
1036 792 1318 856 navigatione
1352 805 1553 852 tantum,

264 867 483 915 existimas
503 866 736 912 minimum
755 864 841 911 effe
854 899 867 921 ,
882 880 975 926 quo
993 880 1016 908 a
1034 879 1178 911 morte
1196 864 1286 910 vita
1305 865 1549 912 diducitur:

266 941 312 987 in
331 940 456 987 omni
474 940 580 986 loco
608 954 745 1002 aeque
770 949 902 983 tenue
922 935 1200 983 intervallum
1229 936 1302 983 est.
1329 938 1435 983 Non
1455 938 1554 984 ubi-

264 1033 351 1079 que
376 1015 419 1061 se
439 1031 562 1061 mors
585 1027 675 1060 tam
703 1029 843 1075 prope
872 1011 1063 1058 ostendit
1082 1029 1092 1057 :
1114 1011 1278 1074 ubique
1301 1023 1388 1058 tam
1412 1028 1554 1075 prope

263 1089 338 1134 est.
362 1090 450 1134 Has
479 1087 679 1134 tenebras
711 1085 878 1131 discute
905 1101 916 1130 τ
943 1097 986 1130 et
1014 1083 1190 1132 facilius
1220 1102 1270 1132 ea
1298 1085 1463 1144 trades,
1497 1087 1554 1133 ad

265 1176 378 1223 quae
397 1170 677 1222 praeparatus
707 1158 813 1203 sum.
837 1155 1023 1203 Dociles
1047 1169 1197 1203 natura
1221 1173 1303 1204 nos
1331 1156 1491 1213 edidit,
1511 1169 1555 1204 et

265 1235 484 1281 rationem
506 1233 626 1279 dedit
649 1230 951 1292 imperfectam
967 1267 979 1288 ‚
1007 1230 1080 1277 sed
1101 1247 1211 1293 quae
1229 1230 1380 1293 perfici
1396 1231 1555 1294 poffet.

266 1308 340 1354 De
359 1306 520 1353 iustitia
544 1303 680 1359 mihi,
709 1303 763 1348 de
785 1302 940 1364 pietate
967 1301 1135 1364 disputa
1154 1337 1168 1360 ‚
1197 1303 1252 1348 de
1278 1301 1520 1365 frugalitate
1537 1337 1553 1360 ,

265 1383 320 1427 de
342 1379 553 1443 pudicitia
570 1391 756 1441 utraque
771 1410 784 1428 ‚
810 1387 853 1422 et
873 1375 943 1421 illa
963 1375 1032 1422 cui
1052 1374 1182 1422 alieni
1205 1375 1405 1438 corporis
1422 1375 1554 1422 absti-

263 1452 412 1500 nentia
431 1451 491 1498 est
506 1488 522 1509 ,
539 1463 582 1497 et
602 1451 682 1496 hac
701 1449 771 1496 cui
794 1449 855 1496 sui
874 1464 989 1494 cura.
1008 1448 1051 1493 Si
1072 1464 1141 1493 me
1160 1447 1348 1494 nolueris
1365 1464 1444 1510 per
1468 1449 1549 1496 de-

266 1528 340 1573 via
372 1528 565 1581 ducere,
601 1525 771 1572 facilius
801 1524 854 1569 ad
884 1522 929 1568 id
962 1538 1053 1584 quo
1085 1522 1250 1580 tendo,
1284 1523 1553 1584 perveniam.

270 1601 385 1646 Nam
411 1599 492 1664 (ut
510 1600 580 1645 ille
607 1599 665 1644 ait
687 1594 928 1660 Tragicus)
962 1596 1167 1643 Veritatis
1196 1595 1377 1656 simplex
1406 1596 1552 1643 oratio

270 1673 343 1719 est.
370 1674 565 1736 ideoque
585 1673 698 1718 illam
720 1671 944 1733 implicare
977 1686 1068 1716 non
1097 1682 1296 1731 oportet.
1326 1686 1407 1716 nec
1433 1669 1552 1716 enirn

268 1746 509 1809 quidquam
540 1745 683 1792 minus
711 1744 949 1800 convenit,
979 1759 1108 1805 quam
1137 1742 1315 1789 sudeIa
1339 1742 1416 1789 ista
1435 1743 1554 1789 calli-

269 1820 403 1879 ditas,
439 1819 594 1867 animis
619 1819 881 1867 conantibus
907 1835 1077 1882 magna.
