1807 3004
458 167 1105 262 ,EPISTOL‘AE
1358 213 1443 243 221

179 317 258 347 nae
283 299 548 347 crudelitatis
572 299 962 361 procurationem?
990 311 1131 345 utrum
1159 297 1328 345 invides
1351 318 1449 346 car«-

178 373 296 419 nifici
321 385 418 431 tuo,
439 389 491 418 an
513 371 680 433 parcis?
706 373 902 419 Socrates
923 372 1068 435 potuit
1082 371 1331 418 abstinentia
1352 373 1451 420 fini-2

178 461 225 491 re
250 444 404 502 vitam,
438 455 480 490 et
509 443 650 489 inedia
678 443 822 506 potius
855 461 986 506 quam
1014 460 1189 490 veneno
1214 445 1342 492 mori.
1369 446 1451 492 tri-

177 516 292 579 ginta
311 530 456 562 tamen
474 515 564 562 dies
581 515 624 560 in
643 531 837 574 carcere,
858 531 901 562 et
919 517 964 562 in
984 512 1304 578 exspestatione
1324 534 1449 564 mor-

176 588 232 633 tis
251 586 418 649 exegit:
438 603 529 632 non
550 587 635 633 hoc
651 587 824 644 animo,
848 599 1049 650 tanquam
1071 588 1218 634 omnia
1234 587 1325 635 fieri
1342 590 1449 652 pos-

177 659 290 715 sent,
314 674 519 721 tanquam
550 659 704 705 multas
738 658 832 721 spes
859 670 947 704 tam
973 657 1152 722 longum
1182 671 1355 723 tempus
1376 679 1448 708 ree

176 732 370 794 ciperet,
397 732 469 778 sed
503 744 550 778 ut
582 732 809 794 praeberet
844 731 884 778 se
912 731 1106 795 legibus,
1132 745 1180 779 ut
1210 732 1446 782 fruendum

173 803 326 850 amicis
343 795 590 851 extremum
610 805 833 850 Socratem
851 803 984 850 daret.
1006 805 1128 864 Quid
1150 820 1240 851 erat
1257 805 1448 865 stultius,

175 894 305 940 quam
333 891 520 924 mortem
547 889 849 934 contemnere,
881 893 1098 923 venenum
1122 878 1306 926 timere?
1334 881 1449 927 Scri-

174 951 308 996 bonia
327 949 470 1014 gravis
497 950 659 996 femina
674 986 686 1007 ,
709 949 840 996 amita
860 949 989 996 Drm‘i
1017 949 1194 996 Libonis
1212 950 1295 997 fuit
1308 987 1322 1009 ,
1341 953 1450 999 ado-1

175 1023 371 1070 lescentis
398 1035 484 1068 tam
517 1020 688 1079 stolidi,
710 1037 839 1084 quam
869 1018 1052 1075 nobilis,
1081 1021 1244 1068 maiora
1273 1023 1448 1086 speram-w

175 1092 229 1139 tis
246 1129 258 1150 ‚
281 1109 410 1156 quam
431 1104 504 1138 aut
530 1091 604 1138 illo
635 1091 782 1139 seculo
806 1093 1035 1156 quisquam
1062 1092 1230 1154 sperare
1260 1108 1450 1157 poterat,

174 1180 246 1213 aut
278 1165 365 1230 ipse
393 1166 498 1213 ullo.
533 1183 631 1212 cum
664 1182 790 1229 aeger
818 1182 843 1211 a
868 1165 1013 1211 senatu
1037 1164 1082 1211 in
1110 1166 1260 1212 leffica
1289 1168 1447 1216 relatus

175 1238 278 1286 effer
294 1275 307 1296 ,
329 1256 420 1285 non
439 1239 533 1284 sane
550 1237 850 1301 frequentibus
870 1237 1108 1301 exsequiis,
1133 1236 1312 1301 (omnes
1331 1241 1451 1287 enim

174 1311 394 1358 necessarii
415 1308 688 1358 deseruerant
715 1309 870 1372 impie,
899 1310 983 1356 iam
1011 1326 1102 1356 non
1122 1327 1242 1358 reum
1256 1345 1271 1367 ,
1292 1312 1362 1358 sed
1381 1314 1448 1360 fu·

175 1383 294 1447 nus)
326 1384 484 1431 habere
510 1383 658 1446 coepit
694 1381 919 1431 consilium
939 1419 952 1438 ‚
986 1396 1131 1431 utrum
1163 1387 1451 1435 conscisceret

174 1454 252 1502 fibi
284 1469 472 1503 mortem
493 1491 505 1513 ,
534 1472 588 1501 an
620 1455 895 1517 exspectaret.
920 1455 1006 1502 Cui
1040 1457 1300 1504 Scribonia:
1325 1459 1450 1519 Quid

176 1541 246 1584 te,
272 1525 434 1589 inquit,
466 1527 648 1573 deleElat
672 1526 858 1572 alienum
887 1526 1112 1593 negotium
1141 1545 1266 1591 agere
1288 1529 1306 1576 ?
1342 1532 1449 1577 Non

175 1597 388 1658 persuasit.
407 1614 560 1644 manus
576 1596 654 1643 fibi
674 1596 838 1655 attulit,
858 1614 940 1644 nec
957 1597 1043 1644 {ine
1064 1599 1201 1645 causa.
1223 1600 1335 1646 Nam
1352 1602 1450 1663 post

175 1666 290 1716 diem
325 1670 502 1716 tertium
532 1683 605 1716 aut
639 1684 839 1732 quartum
866 1668 1034 1716 inimici
1066 1671 1305 1719 moriturus
1333 1674 1447 1719 arbi=

173 1741 287 1799 trio,
321 1742 350 1788 fi
381 1742 524 1799 vivit,
554 1739 741 1788 alienum
780 1741 1004 1806 negotium
1038 1744 1137 1807 agit.
1181 1747 1284 1791 Non
1317 1746 1449 1806 poffis

175 1812 318 1878 itaque
349 1815 403 1861 de
426 1831 473 1861 re
498 1814 542 1860 in
566 1811 816 1861 universum
847 1816 1161 1877 pronuntiare,
1195 1834 1294 1863 cum
1325 1835 1451 1865 rnor-⁹

174 1898 262 1932 tem
295 1884 363 1932 vis
399 1896 575 1931 externa
608 1885 859 1943 denuntiat,
893 1887 1147 1947 occupanda
1181 1885 1258 1943 fit,
1285 1903 1339 1933 an
1370 1905 1447 1935 ex-

176 1953 413 2019 speElanda.
445 1957 580 2002 Multa
599 1956 714 2002 enirn
741 1955 867 2012 sunt,
892 1972 1001 2019 quae
1030 1956 1075 2002 in
1096 1969 1324 2021 utramque
1353 1977 1450 2022 para

175 2044 265 2076 tem
292 2030 461 2075 trahere
484 2028 670 2091 poffimt.
699 2027 739 2073 Si
768 2029 898 2074 altera
928 2045 1048 2074 mors
1074 2046 1171 2076 cum
1196 2042 1417 2079 tormento
1436 2069 1450 2091 ,

175 2102 305 2147 altera
327 2099 508 2162 simplex
525 2112 568 2147 et
590 2098 726 2147 facilis
749 2100 834 2155 est,
857 2100 1009 2163 quidni
1029 2101 1128 2147 huic
1151 2102 1383 2150 injicienda
1399 2105 1449 2152 fit

175 2176 358 2219 manus?
385 2173 774 2232 Quemadmodum
798 2173 944 2219 navim
967 2174 1120 2235 eligam
1147 2175 1448 2237 navigaturus,

175 2258 218 2291 et
234 2247 414 2291 domum
428 2245 1132 2307 habitaturus,itamortemutique
1152 2263 1236 2308 qua
1251 2247 1340 2292 sum
1359 2248 1452 2294 exi-

176 2335 334 2365 turuse
350 2317 453 2364 vita.
473 2329 690 2380 praeterea
707 2318 1078 2380 quemadmodum
1093 2334 1181 2363 non
1200 2319 1350 2381 utique
1362 2336 1452 2365 me·

177 2392 262 2438 lior
279 2391 339 2437 est
357 2390 533 2454 longior
552 2390 662 2448 vita,
679 2391 736 2436 fic
755 2389 881 2453 peior
897 2389 1048 2452 utique
1064 2406 1183 2436 mors
1199 2390 1386 2454 longior.
1401 2396 1450 2439 In

185 2466 298 2514 nulla
327 2482 373 2514 re
389 2465 524 2530 magis
539 2482 670 2531 quam
683 2465 729 2512 in
749 2477 911 2523 morte,
945 2481 1115 2511 morem
1132 2464 1280 2511 animo
1298 2481 1450 2529 gerere
