1807 3004
291 182 352 228 66
534 183 582 229 L.
632 183 926 230 ANNAEI
977 185 1328 232 SENECAE

290 281 459 328 bentius
493 282 668 344 Epicuri
696 281 866 344 egregia
891 282 1003 327 dicta
1032 299 1367 341 commemoro,
1390 293 1437 329 ut
1459 282 1571 342 isti39'

290 356 366 418 qui
395 356 447 400 ad
474 354 541 401 illa
575 354 831 418 confugient
851 390 863 409 ‚
882 355 953 416 spe
985 356 1095 400 mala
1121 357 1282 402 induffi
1301 392 1313 413 ‚
1344 356 1419 419 qui
1446 359 1569 404 vela-

291 440 484 474 mentum
522 428 680 490 scipsos
717 427 893 474 suorum
922 428 1133 475 vitiorum
1167 429 1392 476 habituros
1424 431 1570 478 existi-

290 516 437 557 mant,
467 501 675 563 probem,
706 517 972 563 quocunque
996 501 1152 559 ierint,
1177 503 1356 549 honeste
1382 504 1466 550 effe
1502 505 1571 552 vi-

291 575 502 622 vendum.
536 574 651 619 Cum
682 573 867 619 adierint
891 574 972 619 hos
995 575 1191 620 hortulos
1210 611 1223 632 ,
1243 588 1286 621 et
1312 577 1568 640 inscriptum

291 647 497 703 hortulis,
537 646 706 708 Hospes
738 646 808 692 hic
843 648 952 693 bene
983 646 1206 703 manebis,
1242 647 1311 693 hic
1349 649 1569 696 summum

291 720 458 766 bonum
480 720 684 781 voluptas
707 719 767 765 est
790 737 800 765 ε
823 732 994 782 paratus
1008 719 1090 766 erit
1115 719 1232 767 istius
1256 722 1468 768 domicilii
1494 740 1570 769 cu-

291 793 407 850 stos,
435 782 679 855 hospitalis'‚
702 793 934 849 humanus,
954 806 995 838 et
1021 805 1062 839 te
1093 793 1267 856 polenta
1295 794 1510 855 excipiet,
1526 808 1573 841 et

291 881 449 928 aquam
489 881 666 928 quoque
701 865 815 928 large
844 864 1113 911 ministrabit.
1143 880 1186 911 et
1217 865 1330 913 dicet
1358 884 1369 912 :
1401 858 1571 931 Ecquid

292 940 403 987 bene
426 952 628 1001 acceptus
651 944 722 987 es?
753 940 856 984 Non
887 938 1078 993 irritant,
1111 939 1314 1001 inquam,
1336 940 1380 985 hi
1406 941 1571 989 hortuli

291 1010 452 1057 famem
468 1011 539 1058 sed
553 1009 853 1072 exstinguunt:
876 1025 956 1055 nec
972 1009 1184 1054 maiorem
1203 1009 1300 1071 ipsis
1314 1010 1572 1072 potionibus

291 1085 403 1132 fitim
422 1085 588 1133 faciunt
603 1121 616 1143 ‚
634 1085 705 1131 sed
725 1083 908 1130 naturali
926 1095 968 1129 et
981 1082 1174 1146 gratuito
1195 1084 1392 1130 remedio
1412 1084 1571 1132 sedant.

293 1162 342 1206 In
370 1159 450 1205 hac
482 1158 707 1220 voluptate
738 1155 961 1203 consenui.
992 1154 1046 1201 de
1081 1154 1145 1200 his
1172 1166 1317 1200 tecum
1351 1155 1570 1205 desideriis

292 1235 454 1297 loquor
471 1269 484 1291 ‚
520 1249 630 1296 quae
656 1230 1001 1279 consolationem
1031 1246 1122 1275 non
1151 1229 1385 1291 recipiunt,
1412 1231 1571 1293 quibus

293 1307 486 1353 dandum
525 1305 586 1350 est
620 1303 785 1366 aliquid
820 1316 868 1349 ut
907 1302 1109 1348 definant.
1145 1303 1259 1346 Nam
1298 1303 1351 1349 de
1386 1303 1465 1351 illis
1495 1322 1568 1352 ex-

295 1377 617 1433 traordinariis,
644 1392 754 1440 quae
787 1376 891 1423 licet
917 1372 1120 1431 differre,
1157 1373 1259 1420 licet
1290 1373 1493 1437 castigare
1526 1387 1571 1423 et

295 1450 570 1515 opprimere,
611 1449 698 1494 hoc
730 1466 866 1495 unum
910 1444 1338 1494 commonefaciam:
1372 1445 1447 1493 lsta
1483 1463 1570 1494 vo-

294 1524 432 1586 luptas
462 1523 659 1568 naturalis
688 1521 774 1578 est,
800 1539 890 1568 non
918 1519 1154 1568 necessaria
1187 1535 1198 1565 z
1227 1518 1327 1566 huic
1356 1519 1461 1567 nihil
1489 1521 1569 1568 de-

293 1595 384 1643 bes·
409 1595 438 1641 fi
458 1596 564 1658 quid
589 1595 830 1658 impendis,
849 1593 1147 1642 voluntarium
1165 1592 1239 1639 est.
1262 1596 1429 1640 Venter
1447 1610 1570 1656 prae-

297 1682 422 1729 cepta
439 1684 527 1713 non
549 1668 665 1714 audit
678 1703 692 1724 ,
713 1669 874 1731 poscit,
892 1667 1091 1729 appellat.
1108 1681 1200 1712 non
1228 1663 1288 1712 est
1304 1681 1450 1713 tamen
1464 1683 1569 1713 mo-

295 1742 437 1789 lestus>
453 1742 676 1801 creditor,
703 1749 846 1805 parvo
870 1740 1102 1788 dimittitur
1127 1757 1139 1789 ς
1168 1739 1203 1788 fi
1228 1740 1370 1787 modo
1405 1740 1479 1788 das
1506 1740 1570 1788 issi

297 1814 421 1877 quod
452 1812 611 1872 debes,
636 1830 728 1864 non
753 1815 873 1880 quod
901 1826 1044 1878 potes,
