1780 2988
707 77 710 82 ·
768 64 788 92 ἒ

550 169 1136 234 EPISTOLAE,
1393 184 1482 228 42¹

206 277 361 341 placita
396 268 624 323 tradiderit
659 294 670 322 ε
703 292 816 338 quae
846 292 977 339 quam
1014 276 1095 321 sint
1139 273 1398 332 necessaria,
1433 274 1488 320 li·

206 365 276 397 cet
314 349 475 396 videas.
518 348 746 408 Quaedam
791 347 975 393 insident
1005 346 1133 393 nobis
1163 363 1273 409 quae
1318 363 1400 392 nos
1434 346 1489 393 ad

202 423 282 469 alia
307 423 475 485 pigros,
499 422 552 466 ad
571 421 650 466 alia
678 422 934 469 temerarios
959 419 1136 467 faciunt.
1168 421 1261 466 Nec
1285 419 1390 465 haec
1411 436 1488 465 au·

202 497 323 543 dacia
350 495 530 558 reprimi
558 494 725 556 potest,
760 511 842 540 nec
873 495 942 540 illa
967 494 1120 540 inertia
1156 493 1376 548 suscitari,
1410 493 1488 539 nist

201 568 350 615 causae
379 585 535 614 eorum
561 568 834 623 eximantur,
858 567 956 614 falsa
978 567 1241 624 admiratio,
1261 566 1361 613 falsa
1389 567 1487 613 for-

201 641 338 686 mido.
386 642 505 687 Haec
542 657 623 686 nos
659 641 870 703 quamdiu
909 639 1167 702 poffident‚.
1197 638 1317 686 dicas
1347 639 1486 687 licet:

200 713 303 759 Hoc
337 713 447 775 patri
473 712 685 774 praestare
709 713 864 768 debes,
891 712 979 759 hoc
1005 711 1152 759 liberis
1171 748 1182 769 ‚
1203 713 1290 758 hoc
1318 713 1486 772 amicis,

200 786 287 832 hoc
317 786 572 848 hospitibus.
610 798 848 833 tentantem
885 786 1070 832 avaritia
1102 786 1320 833 retinebit.
1372 788 1488 834 Sciet

200 876 285 921 pro
305 859 444 921 patria
471 861 752 922 pugnandum
773 859 857 906 effe
877 877 888 905 ε
909 859 1169 906 dissuadebit
1193 860 1341 907 timor.
1370 861 1486 908 Sciet

199 950 284 995 pro
313 933 463 979 amicis
501 934 797 980 desudandum
836 933 922 980 effe
941 968 954 991 ,
982 933 1033 978 ad
1071 945 1318 979 extremum
1349 934 1485 997 usque

200 1005 406 1052 sudorem
441 1023 452 1051 ε
487 1005 556 1052 sed
593 1007 773 1054 deliciae
807 1007 1029 1054 vetabunt.
1068 1006 1183 1052 Sciet
1217 1005 1260 1051 in
1296 1022 1485 1053 uxorem

200 1079 499 1141 giaviffimum
520 1079 606 1125 effe
619 1079 976 1142 genusiniuriae,
990 1079 1149 1125 habere
1173 1078 1398 1139 pellicem:
1413 1079 1487 1127 sed

200 1152 323 1197 illum
342 1152 511 1197 libido
503 1169 546 1197 in
567 1151 786 1198 contraria
806 1151 1036 1214 impinget.
1058 1151 1097 1196 N
1103 1151 1177 1196 i‘ul
1196 1168 1303 1213 ergo
1322 1154 1487 1213 prode-

201 1225 375 1270 ritdare
393 1241 639 1287 Draecepra‚
657 1225 732 1271 nisi
721 1225 870 1288 ipsius
888 1225 1112 1271 amoveris
1126 1225 1339 1271 obstantia
1360 1243 1486 1288 prae-

201 1300 338 1359 ceptis
358 1315 367 1343 :
388 1315 477 1344 non
504 1299 666 1361 inagis,>
688 1315 819 1360 quam
848 1297 1045 1359 proderit
1068 1314 1185 1342 arma
1209 1297 1253 1343 in
1276 1301 1487 1361 conspec-

199 1384 249 1416 tu
284 1370 469 1431 posuisse
485 1407 498 1427 ‚
517 1371 786 1433 propiusque
810 1369 1057 1417 admovisse
1073 1405 1085 1426 ‚
1108 1369 1185 1415 nisi
1219 1371 1369 1416 usurae
1394 1389 1489 1418 ma-

201 1462 279 1492 nus
299 1447 604 1507 expediuntur.
633 1448 695 1492 Ut
724 1445 779 1491 ad
800 1459 1028 1508 praecepta
1053 1461 1162 1506 quae
1185 1444 1337 1492 damus
1353 1481 1367 1503 ,
1386 1445 1486 1508 pos-

200 1518 249 1564 fit
281 1519 450 1564 animus
473 1519 563 1574 ire,
597 1517 832 1565 solvendus
859 1517 934 1563 est.
969 1520 1176 1563 Putemus
1201 1517 1390 1581 aliquem
1422 1519 1487 1565 fa-

200 1609 329 1646 cere,
357 1593 479 1654 quod
514 1603 705 1654 oportet.
736 1604 830 1638 non
856 1591 985 1638 faciet
1012 1591 1198 1646 affidue‚
1232 1608 1324 1639 non
1355 1593 1487 1641 faciet

201 1665 437 1728 aequaliter
460 1682 469 1709 ε
492 1663 626 1710 nescit
655 1665 771 1710 enim
806 1681 941 1727 quare
969 1664 1109 1711 faciat.
1136 1666 1292 1729 Aliqua
1312 1669 1385 1715 vel
1410 1685 1487 1715 ca·

199 1739 266 1793 su,
289 1738 361 1785 vel
387 1737 727 1795 exercitatione,
749 1739 928 1784 exibunt
958 1739 1069 1784 reita
1089 1756 1100 1784 z
1121 1739 1191 1785 sed
1217 1757 1307 1786 non
1337 1730 1420 1788 erit
1439 1742 1487 1788 in

144 1823 155 1831 χ
199 1829 332 1858 manu
361 1814 526 1873 regida,
557 1813 611 1857 ad
645 1829 774 1874 quam
802 1812 1060 1873 exigantur,
1089 1814 1159 1859 cui
1191 1816 1339 1862 credat
1369 1817 1488 1863 recta

199 1884 285 1930 effe
311 1900 422 1946 quae
455 1883 571 1930 fecit.
612 1885 716 1930 Non
750 1886 982 1948 promittet
1016 1885 1056 1932 se
1089 1887 1216 1931 talem
1246 1888 1290 1933 in
1325 1905 1485 1953 perpe·-

200 1969 347 2009 tuum,
376 1956 451 2019 qui
480 1957 575 2002 casu
603 1954 744 2003 bonus
769 1957 842 2004 est.
875 1958 1079 2016 Deinde,
1102 1958 1378 2021 praestabunt
1407 1963 1488 2010 tibi

199 2028 380 2074 fortasse
420 2044 686 2092 praecepta,
723 2045 773 2076 ut
808 2031 929 2094 quod
967 2044 1147 2094 oportet
1186 2031 1320 2079 facias
1350 2052 1361 2080 ε
1394 2053 1488 2084 non

199 2102 509 2165 praestabunt,
538 2118 586 2151 ut
621 2106 996 2166 quemadmodum
1030 2119 1237 2169 oportet:
1273 2121 1317 2154 et
1338 2110 1368 2155 s1
1400 2111 1489 2160 hoc

199 2192 292 2221 non
323 2174 565 2236 praestant,
602 2178 655 2222 ad
691 2176 897 2224 virtutem
928 2195 1017 2224 non
1049 2181 1310 2241 perducunt.
1342 2184 1492 2232 Faciet

200 2250 324 2311 quod
354 2252 531 2311 oportet
558 2250 765 2298 monitus.
798 2252 1017 2299 concedo.
1044 2253 1115 2299 sed
1147 2253 1192 2299 id
1225 2269 1379 2315 parum
1415 2256 1488 2305 est.

200 2322 412 2384 quoniam
443 2323 623 2385 quidem
652 2340 743 2370 non
777 2324 822 2370 in
853 2324 970 2372 facto
1001 2326 1092 2373 laus
1127 2326 1221 2382 est,
1253 2326 1327 2374 sed
1358 2328 1403 2375 in
1431 2346 1488 2377 eo

175 2396 574 2457 *quemadmodum
605 2396 692 2444 fiat.
740 2398 864 2459 Quid
896 2398 958 2445 est
992 2415 1130 2446 coena
1163 2399 1380 2449 sumtuosa
1411 2402 1493 2448 fla-

199 2467 426 2532 gitiofius‚
464 2481 507 2517 et
539 2470 786 2534 equestrem
815 2471 992 2522 censum
1027 2472 1350 2522 consumente?
1386 2475 1494 2541 quid

573 2585 590 2604 .
1082 2547 1233 2612 Dd}
