1807 3004
559 163 1145 219 EPISTOL‘AE.
1431 162 1486 226 ες

214 281 259 316 tu
282 268 398 315 iilam
427 268 551 315 'omni
581 269 684 314 Ioco
712 267 921 331 exspeRa.
965 267 1104 314 Finire
1139 267 1225 313 iam
1255 267 1492 327 volebam,

212 355 253 388 et
282 357 433 387 manus
472 341 690 402 spe&abat
722 342 776 386 ad
818 340 1083 386 clausulam:
1113 339 1184 387 sed
1218 338 1493 388 conficienda

211 414 308 461 sunt
341 415 454 461 sacra
477 432 487 460 ε
514 427 554 460 et
584 414 685 460 huic
715 413 920 477 epistolae
954 414 1166 462 viaticum
1199 413 1389 459 dandum
1418 414 1493 462 est.

212 488 317 532 Puta
342 503 411 532 me
440 503 530 531 non
562 487 731 542 dicere,
756 489 870 532 unde
904 487 1121 533 sumturus
1150 484 1226 530 sim
1260 496 1458 530 mutuum
1483 502 1496 531 ε

211 559 288 605 scis
318 558 439 605 cuius
465 576 562 605 arca
587 571 696 604 utar.
730 560 934 622 Exspe&a
962 559 1185 620 ptuillum,
1204 570 1247 605 et
1274 558 1328 604 de
1353 557 1493 603 domo

210 629 284 676 fiet
307 631 555 677 numeratio
579 648 588 675 ε
619 631 791 677 interim
822 623 1126 676 cdmmodabit
1155 629 1389 693 Epicurus,
1417 629 1492 692 qui

210 702 268 748 ait
298 719 308 748 :
346 703 555 749 Meditare
586 715 731 749 utrum
767 703 1046 749 commodius
1081 702 1156 760 fit,
1193 702 1265 751 vel
1298 718 1492 750 mortem

209 775 385 823 transire
409 777 463 822 ad
495 793 598 832 nos,
632 776 702 823 vel
730 792 811 822 nos
842 775 894 821 ad
924 791 1034 821 eam.
1069 774 1154 821 Hic
1186 789 1303 836 patet
1333 775 1488 823 sensus.

211 846 396 913 Egregia
426 867 494 896 res
527 849 613 905 est,
642 864 834 896 mortem
860 846 1126 896 condiscere.
1158 851 1490 910 Supervacuum

210 923 390 969 forsitan
423 936 549 985 putas
577 923 623 970 id
649 922 836 978 discere,
869 939 961 986 quo
987 921 1120 969 semel
1152 923 1360 969 utendum
1392 922 1491 970 est?

210 995 297 1055 hoc
330 994 390 1041 est
424 995 590 1058 ipsum,
626 1012 759 1058 quare
793 995 996 1041 meditari
1032 993 1281 1041 debeamus.
1320 994 1490 1057 semper

210 1067 461 1114 discendum
488 1066 574 1124 est,
603 1067 725 1130 quod
747 1083 802 1112 an
829 1066 1011 1114 sciamus
1027 1101 1039 1122 ,
1063 1065 1253 1127 experiri
1275 1082 1366 1112 non
1387 1066 1490 1128 pos-

209 1138 367 1185 sumus.
401 1139 615 1185 Meditare
646 1151 850 1186 mortem.
889 1138 980 1198 Qui
1006 1137 1093 1184 hoc
1126 1137 1259 1194 dicit,
1288 1136 1488 1185 meditari

207 1210 450 1257 libertatem
484 1211 617 1258 iubet.
649 1211 726 1274 qui
761 1209 877 1257 mori
908 1209 1092 1268 didicit,
1125 1208 1291 1256 servire
1318 1209 1489 1258 dedidi-

211 1281 272 1329 cit
296 1299 307 1328 ε
339 1281 465 1344 supra
496 1299 675 1328 omnem
708 1281 952 1343 potentiam
974 1279 1061 1338 est,
1093 1295 1210 1327 certe
1235 1291 1356 1327 extra
1383 1296 1487 1330 omo.

211 1370 330 1400 nem.
361 1355 486 1413 Quid
513 1355 566 1400 ad
596 1354 716 1400 illum
753 1369 900 1400 carcer
918 1388 933 1410 ,
963 1365 1005 1400 et
1034 1351 1228 1398 custodia
1247 1387 1261 1410 ,
1292 1365 1334 1398 et
1362 1353 1484 1399 clau-

209 1426 324 1472 stra?
342 1425 525 1473 liberum
547 1425 704 1471 ostium
723 1425 867 1471 habet.
887 1428 985 1472 Una
1005 1425 1064 1471 est
1082 1438 1231 1472 catena
1246 1460 1259 1482 ‚
1279 1442 1386 1488 quae
1405 1442 1486 1471 nos

203 1497 406 1561 *alligatos
428 1508 572 1555 tenet,
593 1513 717 1543 amor
740 1496 858 1544 vitae
881 1515 891 1543 ε
919 1497 995 1560 qui
1013 1511 1060 1543 ut
1084 1512 1174 1543 non
1200 1496 1259 1543 est
1279 1497 1486 1544 abiicien-

211 1571 318 1627 dus,
344 1569 401 1615 ita
431 1571 688 1616 minuendus
720 1570 780 1617 est
804 1585 912 1628 rut,
942 1569 970 1615 fi
1000 1570 1176 1633 quando
1209 1585 1277 1616 res
1308 1569 1486 1632 exiget,

212 1644 319 1690 nihil
346 1659 427 1689 nos
448 1643 668 1699 detineat,
695 1659 776 1689 nec
802 1643 1042 1705 impediat,
1061 1658 1152 1706 quo
1178 1641 1319 1688 minus
1350 1640 1486 1703 parati

211 1720 369 1779 fimus,
395 1719 518 1784 quod
545 1720 814 1784 quandoque
843 1717 1091 1767 faciendum
1125 1717 1186 1766 est
1203 1752 1217 1776 ,
1251 1717 1393 1765 statim
1419 1715 1486 1764 fa-

212 1806 327 1839 cere.
