1807 3004
532 178 1103 227 EPISTOLAE.
1360 195 1445 241 341

178 289 353 338 dentem
374 304 386 336 t
407 288 546 334 modo
566 288 855 347 Epicureum,
875 287 1135 340 laudantem,
1150 283 1302 331 statum
1328 287 1452 349 quiea·

179 374 246 408 tae
275 361 483 417 civitatis,
503 373 546 407 et
569 360 682 406 inter
706 359 916 406 convivia
936 374 1172 421 cantusque
1202 357 1336 406 Vitam
1357 358 1451 402 exi<

178 437 314 499 gentis
341 453 352 482 ε
387 434 524 480 modo
557 434 892 497 Peripateticum
911 466 924 488 ‚
955 435 1176 480 bonorum
1205 433 1286 479 tria
1314 450 1451 497 gene·

177 524 224 554 ra
260 508 570 559 inducentem3
605 507 747 552 modo
779 506 1124 560 Academicum,
1160 507 1324 553 incerta
1347 522 1453 552 om-

176 579 248 624 nia
276 579 505 625 dicentem.
537 583 732 641 Apparet
758 579 863 624 nihil
893 579 1048 624 horum
1072 578 1156 625 effe
1188 578 1233 624 in
1252 578 1352 634 isso,
1381 577 1452 625 cui

176 652 326 698 omnia
355 652 530 698 insunt:
552 653 629 698 ista
657 653 773 698 enim
813 652 923 698 inter
950 652 990 698 se
1022 651 1232 698 diffident.
1280 653 1451 698 Demus

174 723 281 779 illis,
312 725 556 770 Homerum
589 724 894 787 philosophum
926 723 1062 769 fuiffe.
1099 740 1258 785 nempe
1285 723 1451 786 sapiens

173 795 310 843 saffirus
338 796 398 842 est
415 832 427 853 ‚
457 810 690 860 antequam
713 796 901 843 carmina
921 796 1005 842 ulla
1035 797 1324 859 cognosceret
1343 812 1354 841 :
1377 811 1450 842 er-

176 885 235 931 go
256 869 327 913 illa
354 868 593 927 discamus,
623 887 736 932 quae
766 870 1013 914 Homerum
1041 867 1184 915 fecere
1202 867 1451 930 sapientem.

176 942 279 989 Hoc
310 943 487 1005 quidem
513 960 583 990 me
611 959 850 1004 quaerere,
878 955 1022 988 utrum
1048 941 1189 987 maior
1218 952 1354 988 aetate
1380 940 1452 986 fu·-

175 1014 256 1060 erit
285 1015 506 1061 Homerus
525 1031 578 1059 an
603 1013 839 1071 Hesiodus,
864 1030 956 1059 non
985 1013 1121 1075 magis
1146 1013 1200 1058 ad
1224 1030 1319 1060 rem
1351 1029 1453 1075 per-

175 1087 310 1143 tinet,
341 1103 472 1149 quam
506 1086 613 1133 scire
644 1104 698 1132 an
729 1087 876 1132 minor
909 1087 1091 1133 Hecuba
1122 1085 1286 1146 fuerit,
1318 1104 1451 1150 quam

175 1160 370 1217 Helena,
401 1173 445 1206 et
479 1176 612 1222 quare
643 1171 729 1205 tam
760 1159 870 1206 male
897 1159 1041 1205 tulerit
1071 1171 1266 1205 aetatem.
1294 1158 1417 1218 Quid
1436 1194 1452 1216 ,

174 1229 353 1293 inquam
373 1267 387 1288 ‚
418 1248 555 1282 annos
588 1232 774 1277 Patrocli
817 1245 858 1278 et
895 1231 1073 1279 Achillis
1107 1231 1360 1294 inquirere,
1397 1231 1452 1277 ad

176 1319 268 1349 rem
289 1304 504 1350 existimas
529 1303 778 1365 pertinere?
800 1304 986 1363 Quaeris
1001 1338 1015 1359 ‚
1037 1302 1215 1366 Ulyffes
1241 1302 1315 1349 ubi
1332 1319 1452 1349 erra-

176 1375 317 1431 verit,
356 1375 528 1438 potius,
559 1391 687 1437 quam
722 1375 902 1433 efficias,
934 1393 989 1422 ne
1017 1391 1096 1421 nos
1130 1375 1298 1436 semper
1328 1391 1449 1422 erre-

176 1447 306 1493 mus?
348 1450 452 1494 Non
490 1459 616 1494 vacat
651 1449 799 1496 audire
820 1484 834 1506 ,
874 1462 1024 1495 utrum
1062 1447 1175 1494 inter
1209 1447 1375 1493 ltaliam
1408 1459 1452 1494 et

175 1520 360 1567 Siciliam
384 1521 558 1568 iaaatus
583 1521 656 1577 fit,
681 1538 738 1568 an
764 1534 887 1568 extra
916 1534 1072 1567 notum
1102 1519 1229 1566 nobis
1257 1521 1412 1565 orbem
1435 1537 1446 1565 z

173 1610 314 1656 neque
343 1593 460 1639 enim
495 1593 642 1655 potuit
673 1594 718 1640 in
748 1607 836 1640 tam
871 1593 1051 1656 angusto
1086 1608 1210 1640 error
1248 1591 1331 1639 effe
1358 1607 1449 1638 tam

170 1665 338 1728 longus.
362 1665 660 1728 Tempestates
692 1667 826 1712 animi
855 1683 937 1713 nos
961 1666 1159 1729 quotidie
1187 1665 1369 1719 iastann
1401 1679 1449 1712 et·-

170 1740 365 1801 nequitia
390 1740 434 1786 in
463 1740 611 1786 omnia
639 1740 804 1804 Ulyffis
836 1740 946 1787 mala
980 1740 1175 1801 impellit.
1210 1755 1301 1785 non
1331 1738 1448 1785 deest

172 1811 315 1857 forma
339 1829 448 1873 quae
471 1812 657 1860 solicitet
675 1813 857 1871 oculos,
876 1830 967 1859 non
992 1811 1125 1859 hostis
1146 1829 1158 1859 :
1184 1812 1290 1858 hinc
1315 1827 1447 1857 mon-

173 1883 258 1931 stra
281 1883 438 1941 effera,
470 1880 735 1931 et‘humano
764 1901 920 1932 cruore
943 1883 1176 1948 gaudentia
1196 1902 1207 1930 :
1229 1884 1331 1931 hinc
1350 1884 1448 1930 infi-

173 1957 294 2004 diosa
328 1957 622 2004 blandimenta
650 1959 819 2004 aurium
847 1976 858 2005 τ
882 1958 987 2007 hinc
1017 1957 1270 2021 naufragia,
1297 1970 1340 2004 et
1376 1968 1450 2008 tot

173 2030 399 2078 varietates
432 2030 664 2077 malorum.
695 2032 796 2078 Hoc
826 2047 896 2077 me
927 2031 1071 2089 doce,
1103 2031 1337 2093 quomodo
1366 2048 1450 2094 pa-

173 2102 299 2148 triam
325 2118 491 2161 amem,
511 2103 745 2166 quomodo
770 2119 978 2161 uxorem,
999 2104 1231 2166 quomodo
1261 2116 1456 2166 patrem,

173 2177 406 2240 quomodo
429 2178 483 2222 ad
509 2178 614 2224 haec
637 2188 723 2222 tam
752 2174 931 2223 honesta
962 2176 1034 2224 vel
1063 2175 1294 2239 naufragus
1325 2176 1449 2223 navi-

173 2265 287 2311 gem.
321 2249 446 2308 Quid
473 2248 680 2312 inquiris,
704 2265 758 2294 an
784 2249 1002 2310 Penelopa
1027 2246 1251 2310 impudica
1279 2247 1446 2307 fuerit,

172 2337 227 2367 an
260 2321 393 2367 verba
419 2321 564 2368 seculo
593 2321 670 2368 suo
697 2322 888 2379 dederit,
907 2338 961 2367 an
987 2321 1191 2385 Ulyffem
1217 2321 1338 2366 illum
1359 2322 1447 2370 effe

172 2409 305 2456 quem
332 2393 537 2451 videbat,
562 2406 792 2457 antequam
820 2393 1186 2457 sciret,suspicata
1203 2391 1284 2440 fit?
1312 2394 1449 2442 Doce

173 2482 269 2526 me,
292 2465 398 2531 quid
416 2466 466 2512 fit
484 2466 689 2531 pudicitia
701 2501 721 2527 ,¹
744 2478 786 2515 et
805 2479 1014 2531 quantum
1036 2468 1082 2514 in
1100 2484 1150 2515 ea
1178 2467 1346 2515 bonum
1367 2484 1382 2518 ε,
1399 2467 1454 2518 m

1131 2540 1231 2602 ΥΞ
