1797 2956
304 137 395 201 368
539 139 586 183 L.
640 137 936 183 ANNAEI
989 136 1343 183 SENECAE

300 242 388 300 est,
420 259 513 289 non
539 260 623 306 qua
646 243 824 305 sapiens.
858 244 1079 306 Cuperem
1115 244 1353 299 Posidonio
1386 243 1574 306 aliquem

301 318 528 364 vitrarium
564 317 816 374 ostendere,
851 316 925 380 qui
962 317 1111 379 spiritu
1133 319 1298 365 vitrum
1331 317 1375 363 in
1404 317 1576 364 habitus

302 390 516 452 plurimos
557 389 748 445 format,
789 388 865 451 qui
905 388 979 435 vix
1015 389 1211 452 diligenti
1245 406 1376 435 manu
1402 389 1577 452 effinge-

300 479 464 511 rentur.
490 465 611 510 Haec
641 462 822 509 inventa
847 461 966 519 sunt,
993 462 1223 526 postquam
1253 462 1487 525 sapientem
1511 461 1580 507 in-

302 535 456 582 venire
489 533 737 580 desivimus.
777 534 1098 590 Democritus,
1148 534 1315 597 inquit,
1369 533 1580 579 invenisse

301 608 463 654 dicitur
478 605 696 653 fornicem
711 641 725 662 ,
759 619 807 652 ut
825 606 1019 668 lapidum
1037 621 1270 653 curvatura
1290 606 1494 668 paulatim
1513 605 1582 650 in-

303 681 569 728 clinatorum
600 679 749 725 medio
779 679 884 725 saxo
909 679 1164 742 alligaretur.
1196 679 1296 724 Hoc
1325 679 1467 725 dicam
1500 678 1583 723 fal-

303 756 398 803 sum
433 753 531 801 effe.
568 753 749 801 Necesse
786 752 847 800 est
876 752 995 799 enim
1033 767 1132 799 ante
1167 751 1502 809 Democritum,
1538 763 1583 797 et

303 841 491 893 pontes,
523 839 565 875 et
595 838 742 890 portas
761 825 886 872 fuisse
906 862 919 883 ‚
954 842 1139 889 quarum
1161 826 1250 872 fere
1284 825 1448 871 summa
1480 842 1583 871 cur—

304 916 479 951 vantur.
501 900 673 946 Excidit
699 916 840 963 porro
863 899 992 946 vobis
1009 934 1023 955 ,
1056 899 1244 945 eundern
1268 897 1584 944 Democritum

305 975 516 1023 invenisse
529 1010 543 1033 ,
562 973 937 1038 quemadmodum
962 971 1070 1017 ebur
1088 970 1350 1025 molliretur,
1371 969 1586 1033 quemad-

305 1050 493 1096 modum
521 1048 728 1095 decoctus
756 1046 943 1093 calculus
972 1046 1014 1090 in
1046 1045 1319 1108 smaragdum
1354 1058 1590 1091 converte-

304 1135 458 1175 retur,
487 1136 574 1184 qua
603 1119 826 1182 hodieque
855 1118 1037 1166 coctura
1066 1117 1239 1165 inventi
1257 1117 1420 1179 lapides
1451 1116 1588 1164 coffi-

306 1199 368 1244 les
390 1197 658 1243 colorantur.
687 1192 767 1239 Ista
786 1192 952 1255 sapiens
979 1192 1080 1239 licet
1107 1192 1349 1249 invenerit,
1380 1209 1472 1238 non
1503 1207 1590 1255 qua

307 1271 477 1333 sapiens
494 1280 585 1316 erat
600 1302 614 1325 ,
642 1265 826 1314 invenit.
844 1265 979 1311 multa
997 1265 1115 1312 enim
1134 1265 1238 1312 facit
1251 1302 1267 1322 ,
1291 1281 1402 1329 quae
1430 1265 1484 1310 ab
1502 1265 1588 1310 im-

306 1340 646 1410 prudentissimis
664 1354 737 1386 aut
757 1354 896 1401 aeque
916 1336 1013 1384 fieri
1030 1338 1232 1386 videmus
1246 1374 1260 1396 ,
1287 1353 1360 1384 aut
1382 1337 1588 1400 peritius,

307 1433 383 1465 aut
400 1414 689 1464 exercitatius.
710 1411 833 1472 Quid
856 1411 1022 1474 sapiens
1041 1409 1369 1472 investigaverit
1383 1445 1400 1466 ,
1418 1407 1527 1472 quid
1545 1408 1590 1454 in

308 1493 453 1539 lucem
487 1487 782 1553 protraxerit,
818 1485 1021 1549 quaeris?
1060 1485 1255 1531 Primum
1286 1500 1435 1529 rerum
1465 1496 1593 1529 natu-

309 1582 400 1611 ram
420 1601 434 1622 ,
451 1580 581 1628 quam
602 1578 694 1608 non
710 1572 758 1607 ut
776 1571 918 1607 cetera
940 1557 1144 1604 animalia
1162 1555 1300 1604 oculis
1319 1555 1490 1602 secutus
1508 1554 1593 1610 est,

311 1637 443 1685 tardis
464 1637 519 1683 ad
538 1634 702 1682 divina.
733 1631 909 1679 Deinde
936 1629 1052 1678 vitae
1071 1629 1211 1692 legem
1226 1664 1239 1683 ‚
1269 1645 1400 1692 quam
1423 1628 1476 1673 ad
1496 1627 1595 1673 uni-

311 1711 436 1759 versa
469 1708 627 1756 direxit
651 1724 662 1753 ε
691 1722 773 1752 nec
803 1703 927 1751 nosse
957 1715 1156 1758 tantum,
1192 1701 1264 1746 sed
1294 1699 1413 1762 sequi
1445 1697 1596 1745 docuit

315 1784 421 1830 deos
442 1819 455 1840 ,
484 1794 527 1828 et
557 1779 797 1826 accidentia
826 1791 918 1821 non
948 1775 1071 1820 aliter
1090 1772 1293 1834 excipere
1311 1809 1325 1829 ,
1355 1787 1486 1834 quam
1507 1771 1596 1816 im-

315 1869 477 1919 perata.
510 1852 663 1900 Vetuit
691 1866 843 1915 parere
879 1847 1166 1910 opinionibus
1199 1844 1339 1902 falsis,
1375 1856 1418 1890 et
1447 1843 1597 1907 quanti

315 1931 511 1994 quidque
540 1928 672 1986 esset,
698 1944 804 1975 vera
820 1922 1117 1971 aestimatione
1143 1920 1372 1983 perpendit
1392 1938 1402 1966 ε
1421 1919 1598 1965 damna-

315 2007 384 2052 vit
409 2006 563 2052 mixtas
599 1999 896 2066 poenitentiae
917 1997 1180 2056 voluptates.
1209 1996 1259 2039 Et
1282 1993 1399 2039 bona
1430 1992 1598 2055 semper

317 2079 526 2143 placitura
543 2074 766 2131 laudavit,
796 2087 839 2117 et
863 2069 1004 2132 palam
1026 2066 1157 2123 fecit,
1179 2065 1471 2112 felicissimum
1489 2062 1601 2115 effe,

317 2156 390 2202 cui
410 2153 612 2201 felicitate
632 2166 745 2212 opus
768 2163 860 2194 non
879 2143 940 2191 est
961 2162 970 2189 :
1001 2140 1345 2206 potentiffimum
1373 2138 1485 2194 effe,
1518 2138 1598 2202 qui

317 2230 360 2276 se
385 2228 515 2274 habet
531 2226 576 2272 in
601 2222 826 2287 potestate.
846 2220 953 2264 Non
972 2218 1025 2264 de
1043 2234 1092 2263 ea
1118 2214 1395 2279 philosophia
1412 2213 1601 2276 loquor,

319 2318 428 2364 quae
463 2301 608 2346 civem
646 2307 767 2343 extra
802 2291 984 2357 patriam
1019 2288 1162 2352 posuit
1187 2325 1200 2346 ,
1237 2301 1357 2334 extra
1387 2282 1602 2332 mundum

320 2377 427 2422 deos
443 2411 456 2434 ,
488 2390 599 2437 quae
625 2372 832 2418 virtutem
854 2365 1041 2413 donavit
1068 2362 1314 2426 voluptati3
1340 2361 1412 2407 sed
1433 2362 1486 2407 de
1504 2359 1604 2415 illa,
1636 2420 1638 2424 Α

321 2466 434 2513 quae
458 2448 619 2496 nullum
643 2445 813 2492 bonum
840 2453 988 2506 putat,
1020 2437 1097 2486 nisi
1120 2437 1243 2503 quod
1264 2434 1494 2484 honestum
1513 2431 1600 2489 est;
