1807 3004
511 163 1107 208 EpisTOLAE.
1357 179 1444 226 333

177 271 312 329 libus,
337 268 648 333 patrimonium
670 269 830 331 grande
848 267 1056 330 pofl'edit,
1077 268 1232 329 Nuper
1254 269 1419 316 Natalis
1437 306 1453 328 ‚

175 354 263 388 tam
293 341 519 403 improbae
545 339 713 403 linguae
738 345 871 403 quam
900 339 1122 401 impurae,
1147 338 1194 384 in
1221 340 1343 387 cuius
1374 357 1454 387 ore

177 413 366 461 feminae
398 413 694 475 purgabantur
713 448 726 469 ,
758 425 799 458 et
830 412 1072 458 multorum
1103 412 1227 459 heres
1264 413 1376 471 fuit,
1411 428 1455 461 et

178 488 338 534 multos
364 486 514 532 habuit
538 486 731 533 heredes.
769 486 891 545 Quid
915 489 1048 548 ergo?
1071 497 1215 531 utrum
1242 486 1361 532 illum
1383 503 1456 550 pe-

178 561 304 607 cunia
322 560 540 623 impurum
562 557 733 615 effecit,
752 575 806 605 an
823 556 911 621 ipse
929 557 1160 621 pecuniam
1186 557 1452 622 impuravit?

176 649 286 694 quae
316 632 371 680 fic
398 632 443 678 in
476 631 691 695 quosdam
725 630 954 688 homines,
991 631 1225 693 quomodo
1255 631 1456 679 denarius

177 703 222 749 in
244 704 437 751 cloacam
457 705 582 750 cadit.
606 703 758 750 Virtus
776 702 902 765 super
919 701 996 748 ista
1022 702 1237 758 consistit,
1256 703 1335 750 suo
1357 721 1458 751 aere

177 775 400 823 censetur:
426 775 528 821 nihil
561 792 615 821 ex
648 775 738 822 istis
763 775 1108 838 quomodolibet
1139 775 1460 824 incurrentibus

178 850 345 896 bonum
364 850 538 897 iudicat.
570 849 790 896 Medicina
807 884 820 905 ‚
838 861 880 896 et
898 848 1159 911 gubernatio
1174 885 1186 906 ‚
1205 866 1296 896 non
1317 850 1457 896 inter-

180 922 286 970 dicit
316 923 394 970 fibi
424 941 474 970 ac
502 922 586 970 suis
609 922 943 969 admirationem
982 922 1132 968 talium
1161 938 1320 969 rerum.
1364 923 1459 983 Qui

180 1013 274 1044 non
295 997 356 1044 est
375 998 446 1043 vir
463 997 627 1053 bonus,
646 995 790 1059 potest
816 996 1099 1042 nihilominus
1121 996 1315 1043 medicus
1341 997 1426 1044 effe
1451 1015 1465 1045 ε

182 1068 323 1132 potest
343 1069 633 1132 gubernator,
658 1066 799 1130 potest
816 1067 1124 1130 grammaticus
1141 1103 1153 1125 ,
1182 1078 1268 1113 tam
1287 1068 1460 1114 meher-

182 1142 297 1188 cules
327 1159 459 1205 quam
484 1157 666 1204 coquus.
690 1140 778 1186 Cui
807 1139 989 1202 contigit
1017 1139 1177 1185 habere
1205 1155 1294 1185 non
1328 1156 1462 1202 quae-

182 1214 309 1272 libet,
335 1215 452 1263 hunc
477 1231 570 1262 non
605 1213 846 1277 quemlibet
873 1212 1046 1259 dixeris.
1084 1211 1241 1272 Qualia
1275 1213 1459 1276 quisque

183 1286 346 1346 habet,
379 1288 476 1335 talis
506 1286 580 1334 est.
626 1285 768 1333 Fiscus
799 1286 907 1332 tanti
936 1285 1021 1343 est,
1054 1298 1264 1348 quantum
1295 1286 1456 1332 habet:

184 1359 326 1406 immo
350 1359 396 1406 in
419 1360 707 1407 acceffionem
738 1357 829 1406 eius
860 1358 980 1405 venit
1012 1360 1135 1422 quod
1169 1359 1310 1404 habet.
1350 1359 1464 1419 Quis

186 1433 322 1495 pleno
350 1433 519 1480 sacculo
554 1432 689 1478 ullum
719 1432 907 1495 pretium
936 1432 1092 1494 ponit,
1124 1430 1199 1477 nifi
1231 1433 1354 1495 quod
1385 1450 1465 1495 pe-

185 1505 338 1553 cuniae
367 1506 412 1551 in
436 1521 493 1553 eo
521 1505 723 1552 conditae
756 1521 961 1552 numerus
993 1503 1167 1551 effecit?
1205 1506 1326 1552 ldem
1355 1522 1463 1553 eve-

186 1580 253 1626 nit
280 1596 541 1643 magnorum
565 1579 756 1625 dominis
778 1577 1146 1640 patrimoniorum
1167 1595 1177 1622 ε
1204 1577 1465 1625 accessiones

187 1651 363 1698 illorum
388 1667 432 1699 et
448 1652 709 1715 appendices
736 1651 844 1698 sunt.
863 1652 1015 1710 Quare
1039 1667 1146 1714 ergo
1163 1651 1328 1713 sapiens
1348 1669 1466 1715 mag-

187 1741 267 1771 nus
294 1725 386 1771 est?
422 1725 524 1789 quia
554 1741 760 1788 magnum
791 1724 987 1771 animum
1029 1723 1171 1770 habet.
1207 1727 1377 1770 Verum
1404 1725 1465 1771 est

188 1814 296 1861 ergo
311 1834 324 1856 ,
348 1799 469 1861 quod
485 1797 828 1846 contemtiffimo
848 1797 1008 1860 cuique
1027 1798 1242 1860 contingit
1255 1833 1268 1853 ‚
1296 1799 1466 1846 bonum

190 1887 283 1917 non
311 1871 408 1917 effe.
444 1875 594 1935 Itaque
622 1870 911 1918 indolentiam
946 1887 1167 1933 nunquam
1198 1873 1360 1918 bonam
1394 1873 1467 1919 di-

192 1959 303 1990 cam.
334 1944 462 1991 habet
480 1944 596 1991 illam
628 1943 801 2001 cicada,
830 1943 961 1990 habet
995 1944 1136 2006 pulex.
1173 1944 1242 1990 Ne
1274 1944 1467 2007 quietem

192 2017 397 2079 quidem,
427 2029 471 2064 et
498 2016 698 2063 molestia
731 2033 916 2074 vacare,
952 2017 1117 2063 bonum
1149 2017 1306 2064 dicam.
1357 2018 1467 2081 quid

193 2090 255 2137 est
284 2090 465 2138 otiosius
500 2089 694 2138 verme?
747 2091 962 2150 Quaeris,
993 2107 1103 2153 quae
1138 2107 1207 2138 res
1235 2088 1469 2153 sapientem

194 2162 362 2210 faciat?
396 2180 507 2227 quae
536 2164 702 2211 Deum.
734 2164 829 2210 Des
859 2176 1040 2226 oportet
1069 2163 1129 2210 illi
1159 2165 1323 2228 aliquid
1348 2165 1471 2229 divi·

196 2255 301 2284 num
319 2272 334 2296 ,
361 2238 525 2303 aliquid
548 2239 759 2294 coeleste,
790 2236 1086 2300 magnificum.
1116 2240 1220 2286 Non
1243 2240 1291 2288 in
1316 2256 1472 2287 omnes

196 2308 368 2356 bonum
409 2310 551 2371 cadit,
584 2327 664 2359 nee
700 2310 941 2374 quemlibet
978 2309 1262 2371 poffefforem
1295 2311 1474 2374 patitur.

198 2384 315 2432 Vide
333 2419 347 2441 ,

263 2451 325 2495 Et
343 2451 447 2512 quid
465 2469 642 2513 quaeque
659 2451 772 2512 serat
789 2453 919 2515 regio,
940 2449 981 2498 ὃ
1002 2454 1106 2513 quid
1119 2471 1298 2516 quaeque
1314 2452 1471 2513 recufht.
