1807 3004
533 191 1110 237 EplsTOLAF„
1365 200 1457 252 329

363 345 830 390 EPISTOLA
914 337 1288 387 LXXXVII⁰

187 489 426 550 Frugalitas
452 490 625 532 Senecae
642 523 655 544 ‚
681 485 723 533 δ’
740 502 997 532 externorum
1021 502 1246 533 contemtus
1264 503 1281 530 .·
1310 490 1460 532 admos

251 563 356 604 nitio
375 561 433 604 ad
457 561 564 604 alios
585 594 600 615 ,
628 575 675 604 ut
696 559 754 621 fic
774 562 929 614 velint,
953 559 1214 619 fhciantque.
1244 557 1461 622 Diffirta-

247 635 459 678 tizznculae
476 634 620 677 deinde
634 668 647 688 ‚
680 635 824 694 quibus
843 633 1040 692 approbat
1068 633 1257 676 Fortuita
1273 635 1319 677 in
1340 634 1462 678 bonis

247 722 334 748 non
354 702 423 767 effe}
442 720 458 748 :
479 706 703 749 dumtaxat
727 705 953 749 Commoda
972 706 1052 749 dici
1063 723 1121 764 po
1156 722 1187 750 e,

187 810 620 926 NAUFRAGIUM
637 912 652 934 ‚
679 886 910 938 antequam
938 891 1094 923 navem
1129 874 1463 933 adscenderem‚

180 947 266 993 feci
294 966 306 994 :
334 949 568 1011 quomodo
595 948 830 1005 acciderit,
868 966 957 994 non
987 949 1177 1004 adiicio‚
1215 967 1269 996 ne
1299 962 1357 994 et·
1375 949 1464 995 hoc

181 1033 308 1079 putes
325 1020 438 1066 inter
457 1020 598 1067 Stoica
618 1022 837 1082 paradoxa
857 1022 1109 1081 ponendum
1127 1038 1138 1066 :
1162 1037 1353 1084 quorum
1369 1022 1464 1067 nul-

180 1091 268 1136 lum
287 1091 372 1137 effe
392 1091 572 1145 falsum,
598 1109 679 1138 nec
702 1106 787 1138 tam
810 1092 1008 1139 mirabile
1038 1111 1168 1157 quam
1195 1094 1334 1156 prima
1353 1093 1464 1141 facie

160 1159 383 1220 ’videtum
415 1182 516 1212 cum
550 1165 746 1213 volueris
780 1167 1038 1228 approbabo
1057 1203 1070 1223 ‚
1101 1168 1242 1213 immo
1273 1166 1402 1212 etiam
1432 1166 1463 1212 fi

177 1237 385 1284 nolueris.
418 1237 595 1284 Interim
622 1238 709 1285 hoc
739 1254 810 1284 me
839 1239 922 1285 iter
955 1239 1138 1296 docuit,
1166 1255 1299 1301 quam
1327 1239 1464 1285 multa

178 1309 436 1356 haberemus
462 1308 756 1371 supervacua,
779 1319 822 1355 et
840 1325 971 1371 quam
993 1309 1117 1357 facile
1135 1309 1301 1356 iudicio
1319 1309 1464 1371 poffeae

179 1397 275 1426 mus
299 1381 550 1441 deponere,
583 1397 694 1443 quae
727 1379 755 1424 fi
794 1380 972 1442 quando
1009 1381 1234 1428 neceffitas
1263 1379 1463 1436 abstulit,

177 1471 269 1500 non
302 1454 508 1501 sentimus
535 1455 683 1500 ablata.
716 1454 833 1499 Cum
867 1454 1129 1517 pauciffimis
1160 1455 1321 1510 servis,
1349 1471 1463 1517 quos

176 1546 312 1575 unum
331 1544 487 1590 capere
506 1528 759 1575 vehiculum
785 1529 956 1590 potuit,
987 1528 1074 1576 fine
1092 1528 1189 1575 ullis
1214 1529 1361 1585 rebus,
1384 1528 1460 1574 nisi

177 1619 288 1666 quae
308 1619 496 1663 corpore
516 1600 666 1647 nostro
683 1602 1046 1660 continebantur,
1077 1619 1164 1666 ego
1180 1613 1223 1647 et
1243 1602 1463 1650 Maximus

176 1691 298 1721 meus
329 1674 511 1720 biduum
543 1672 629 1719 iam
662 1673 949 1720 beatiffimum
991 1674 1173 1738 agimus.
1215 1675 1388 1722 Culcita
1416 1675 1463 1721 in

177 1762 291 1794 terra
308 1748 442 1801 iacet,
462 1762 545 1810 ego
563 1746 608 1791 in
632 1746 801 1792 culcita.
820 1748 886 1792 Ex
913 1747 1080 1794 duabus
1104 1748 1272 1810 penulis
1287 1783 1300 1806 ,
1329 1749 1461 1795 altera

175 1822 404 1885 stragulum
422 1857 434 1878 ‚
463 1822 593 1878 altera
611 1822 886 1884 opertorium
916 1822 1028 1870 facia
1061 1822 1134 1870 est.
1167 1823 1242 1869 De
1269 1824 1459 1886 prandio

175 1896 280 1942 nihil
308 1895 471 1942 detrahi
506 1895 661 1957 potuit.
690 1908 888 1956 paratum
920 1895 999 1941 fuit
1031 1912 1123 1942 non
1156 1898 1293 1960 magis
1319 1898 1459 1955 hora,

175 1968 383 2030 nusquam
399 1966 486 2013 sine
507 1965 684 2023 caricis,
720 1965 929 2029 nusquam
954 1966 1040 2015 sine
1072 1970 1368 2031 pugillaribus.
1397 1972 1457 2016 11-

175 2041 260 2094 lae,
281 2042 309 2085 si
339 2057 490 2103 panem
512 2041 683 2096 habeo,
713 2056 797 2101 pro
821 2040 1115 2103 pulmentario
1136 2042 1233 2088 sunt
1250 2059 1261 2088 t
1281 2042 1312 2088 fi
1338 2059 1456 2101 non,

177 2133 261 2178 pro
279 2134 401 2178 pane.
417 2116 615 2179 quotidie
628 2106 735 2183 mihi
750 2132 909 2161 annum
929 2130 1100 2162 novum
1120 2115 1302 2174 faciunt,
1320 2134 1454 2180 quem

175 2206 259 2252 ego
278 2190 458 2238 faustum
478 2205 521 2238 et
538 2190 709 2237 felicem
728 2190 866 2236 reddo
883 2189 1013 2236 bonis
1031 2189 1366 2253 cogitationibus
1378 2227 1392 2247 ,
1410 2203 1454 2237 et

173 2262 307 2308 animi
335 2263 664 2326 magnitudine:
695 2261 771 2325 qui
789 2278 1011 2323 nunquam
1033 2263 1177 2310 maior
1195 2262 1255 2310 est
1272 2299 1286 2320 ,
1318 2281 1450 2327 quam

173 2337 249 2384 ubi
268 2337 407 2384 aliena
424 2338 641 2400 seposuit:
673 2354 715 2384 et
734 2336 840 2383 fecit
865 2335 940 2382 sibi
961 2354 1111 2399 pacem
1126 2373 1139 2394 ,
1168 2337 1272 2385 nihil
1291 2338 1451 2384 timenoe

99 2431 103 2434 ’
170 2410 232 2456 do
251 2427 262 2456 :
282 2408 384 2457 fecit
404 2409 479 2457 fibi
502 2410 704 2467 divitias,
727 2409 834 2455 nihil
855 2411 1223 2472 concupiscenda
1246 2411 1449 2458 Vehicu-

170 2481 322 2530 lumin
341 2484 461 2547 quod
478 2483 703 2547 impositus
726 2483 843 2540 sum,
877 2484 1087 2534 rusticum
1113 2485 1185 2533 est.
1209 2485 1353 2533 Mulae
1376 2484 1446 2534 vi«²
