1807 3004
303 197 362 258 96
527 195 575 240 L.
623 193 929 239 ANNAEI
978 192 1350 239 SENECAE

303 311 572 364 attemperat.
600 301 656 346 At
689 298 761 344 illa
796 312 906 361 quae
939 296 984 343 in
1017 298 1277 361 propinquo
1311 296 1399 356 est,
1430 296 1580 362 utique

303 385 514 429 ventura,
546 370 754 416 desiderat
788 370 946 415 lentam
981 369 1116 414 animi
1149 369 1399 416 firmitatem
1430 388 1440 414 :
1473 386 1583 432 quae

304 445 365 492 est
384 445 523 490 rarior
537 477 550 500 ‚
569 458 647 488 nec
668 439 810 503 potest
836 440 912 486 nisi
934 457 957 485 a
975 441 1163 503 sapiente
1189 441 1404 503 praestari.
1421 443 1581 487 Liben-

304 518 461 566 tissime
495 516 640 579 itaque
676 514 798 559 illum
835 513 1092 568 audiebam,
1131 513 1249 577 quafi
1282 513 1493 561 ferentem
1530 514 1584 560 de

307 604 452 638 morte
472 587 723 636 sententiam
740 622 754 646 ,
779 600 821 633 et
845 587 984 649 qualis
1009 586 1113 634 effet
1138 588 1230 633 eius
1257 598 1432 646 natura,
1463 589 1586 635 velut

305 664 491 727 propius
513 661 724 725 inspeciae
741 693 754 717 ‚
784 662 1064 708 indicantem.
1097 661 1198 707 Plus
1214 697 1226 718 ‚
1254 674 1302 707 ut
1323 673 1455 723 puto,
1482 661 1587 709 fidei

306 737 483 784 'baberet
500 735 615 796 apud
635 747 677 781 te
690 770 703 792 ‚
736 734 831 797 plus
849 734 1055 796 ponderis
1069 769 1082 791 ,
1101 734 1131 779 fi
1152 733 1250 796 quis
1268 732 1486 780 revixisset
1500 769 1512 790 ‚
1545 749 1588 781 et

308 811 354 858 in
377 822 521 857 morte
542 808 648 855 nihil
680 809 780 854 mali
808 808 892 855 effe
921 823 1112 854 narraret
1139 820 1357 870 expertus.
1385 802 1590 854 Access'iis

309 884 466 930 mortis
494 898 624 946 quam
655 881 1031 944 perturbationem
1053 880 1230 939 afferat,
1261 880 1428 942 optime
1448 881 1492 927 hi
1511 881 1590 927 tibi

311 957 479 1012 dicent,
500 955 577 1020 qui
595 955 829 1002 secundum
850 955 963 1001 illam
987 954 1213 1012 steterunt,
1236 953 1311 1017 qui
1333 954 1585 1001 venientem
1625 955 1629 965 ⁴

312 1043 356 1077 et
391 1030 625 1086 viderunt,
644 1039 687 1075 et
714 1041 983 1090 receperunt.
1020 1030 1138 1074 Inter
1170 1027 1252 1073 hos
1288 1026 1460 1073 Bassum
1491 1026 1593 1073 licet

313 1119 539 1158 numeres,
568 1101 643 1165 qui
666 1118 748 1148 nos
771 1101 913 1163 decipi
940 1101 1092 1148 noluit.
1117 1100 1154 1147 is
1175 1101 1263 1158 ait,
1295 1112 1383 1146 tam
1416 1099 1592 1147 stultum

315 1175 401 1222 effe
417 1210 430 1232 ‚
449 1174 524 1237 qui
541 1184 730 1220 mortem
746 1172 896 1219 timeat
913 1208 926 1230 ‚
945 1189 1073 1235 quam
1094 1172 1169 1235 qui
1185 1173 1459 1220 senectutem.
1479 1173 1594 1218 Nam

315 1246 693 1310 quemadmodum
719 1244 908 1291 seneclus
938 1244 1268 1291 adolescentiam
1299 1245 1512 1308 sequitur,
1535 1245 1594 1291 ita

317 1336 438 1367 mors
464 1319 742 1366 seneclutem.
762 1317 929 1364 Vivere
946 1317 1118 1373 noluit,
1140 1317 1214 1380 qui
1234 1317 1350 1363 mori
1372 1334 1461 1364 non
1487 1318 1596 1365 vult.

244 1440 255 1446 5
318 1394 421 1438 Vita
442 1391 558 1437 enim
584 1407 683 1437 cum
710 1389 971 1451 exceptione
996 1389 1150 1436 mortis
1177 1390 1274 1436 data
1295 1389 1386 1436 est:
1409 1391 1462 1437 ad
1488 1391 1600 1438 hanc

319 1465 422 1510 itur.
447 1480 580 1526 quam
599 1462 703 1508 ideo
725 1461 879 1507 timere
900 1461 1115 1507 dementis
1143 1461 1202 1507 est
1218 1478 1232 1517 ;
1251 1462 1352 1524 quia
1383 1474 1498 1508 certa
1520 1479 1600 1508 ex-

318 1537 566 1598 spectantur
581 1569 594 1590 ,
617 1533 746 1580 dubia
765 1543 1027 1578 metuuntur.
1063 1535 1186 1580 Mors
1216 1533 1505 1580 neceffitatem
1527 1534 1602 1578 ha*

320 1609 423 1665 bet,
453 1624 635 1671 aequam
669 1621 712 1652 et
740 1604 965 1652 invictam.
992 1606 1105 1665 Quis
1137 1605 1260 1669 queri
1293 1604 1435 1668 potest
1453 1640 1467 1663 ‚
1491 1605 1533 1650 in
1552 1621 1603 1651 ea

322 1680 581 1728 conditione
601 1680 640 1726 se
658 1678 742 1725 effe
755 1710 768 1733 ,
788 1678 831 1724 in
854 1695 939 1741 qua
956 1694 1089 1724 nemo
1107 1695 1197 1725 non
1216 1679 1303 1725 est?
1324 1678 1464 1741 prima
1485 1678 1602 1725 enim

323 1770 423 1816 pars
452 1751 704 1814 aequitatis,
741 1750 802 1796 est
832 1750 1077 1813 aequalitas.
1122 1752 1206 1798 Sed
1242 1767 1359 1797 nunc
1394 1752 1604 1815 superva-

326 1843 458 1872 cuum
490 1824 549 1871 est
573 1860 587 1881 ,
619 1839 794 1871 naturae
820 1823 987 1870 causam
1018 1840 1145 1887 agere
1171 1841 1182 1869 ε
1215 1840 1325 1887 quae
1351 1840 1444 1870 non
1475 1825 1604 1871 aliam

326 1898 473 1948 voluit
505 1899 645 1960 legem
682 1896 872 1943 nostram
906 1896 1019 1953 effe,
1050 1913 1181 1960 quam
1218 1896 1350 1944 suam.
1392 1898 1609 1961 quidquid

327 1970 605 2034 composuit,
634 1968 842 2017 resolvit:
869 1983 912 2016 et
937 1968 1154 2032 quidquid
1184 1967 1365 2018 resolvit
1382 2005 1395 2027 ‚
1415 1986 1608 2033 compo-

330 2044 395 2091 nit
423 2044 595 2089 iterum.
625 2043 713 2087 lam
734 2057 847 2088 vero
867 2040 898 2086 si
918 2041 988 2088 cui
1013 2041 1196 2104 contigit
1213 2077 1226 2098 ‚
1251 2053 1299 2088 ut
1321 2041 1442 2088 illum
1462 2042 1609 2090 senec-

329 2129 400 2162 tus
436 2114 591 2161 leniter
620 2113 864 2170 emitteret,
899 2129 989 2158 non
1024 2119 1203 2175 repente
1237 2113 1433 2159 avulsum
1463 2115 1611 2169 vitae,

333 2189 405 2236 sed
429 2187 676 2233 minutatim
704 2185 958 2233 subducium
976 2221 990 2242 ‚
1017 2203 1094 2233 nae
1115 2185 1185 2232 ille
1207 2185 1364 2248 gratias
1388 2203 1515 2250 agere
1533 2187 1614 2233 diis

333 2259 541 2305 omnibus
576 2259 734 2315 debet,
765 2259 887 2322 quod
920 2259 1093 2304 satiatus
1127 2258 1180 2303 ad
1212 2257 1409 2320 requiem
1445 2258 1614 2305 homini

334 2331 628 2389 neeessariam,
647 2330 752 2378 laffo
773 2343 956 2394 gratam,
975 2331 1205 2393 perductus
1229 2330 1303 2376 est.
1326 2331 1460 2376 Vides
1479 2345 1616 2393 quos-

340 2405 443 2450 dam
473 2416 673 2465 optantes
700 2416 920 2461 mortem,
948 2415 989 2449 et
1014 2403 1190 2467 quidem
1225 2402 1359 2466 magis
1379 2419 1510 2464 quam
1538 2418 1616 2448 ro-

341 2479 434 2542 gari
452 2478 560 2526 ,solet
580 2479 682 2529 vita.
700 2477 861 2527 Nescio
885 2490 1009 2526 utros
1030 2476 1277 2526 existimem
1296 2476 1511 2526 maiorem
1533 2492 1615 2531 1107

1385 2611 1405 2629 l
