1797 2956
312 179 404 229 „0
548 157 1344 209 L.ANNAE18ENECAE

308 268 636 335 provinciarum
665 266 847 330 spatium
879 281 978 313 rura
1001 265 1171 323 dilatet,
1208 277 1252 312 et
1276 263 1584 328 poffeffionem

310 356 445 392 vocet
472 361 549 406 per
574 343 691 388 suam
717 340 892 402 longam
916 337 1309 400 peregrinationem
1331 355 1342 384 ε
1371 338 1489 385 nulla
1506 354 1588 386 nos

310 417 461 465 finium
478 412 739 478 propagatio
759 428 814 458 eo
835 411 1012 457 reducet
1024 445 1037 468 ,
1050 410 1165 456 unde
1178 409 1455 457 disceffimus.
1471 412 1588 458 Cum

311 489 461 537 omnia
493 486 752 542 fecerimus,
788 483 977 530 multum
1006 481 1259 529 habebimus
1288 500 1299 528 :
1332 483 1587 539 universum

310 562 589 610 habebamus.
614 559 755 604 Terra
779 556 868 618 ipsa
891 555 1076 602 fertilior
1099 567 1190 602 erat
1215 555 1462 613 illaborata,
1483 568 1525 602 et
1543 557 1589 603 in

311 636 410 684 usus
446 632 715 697 populorum
751 645 844 676 non
873 628 1168 690 diripientium
1198 628 1324 691 larga.
1359 630 1591 694 Quidquid

313 719 465 754 natura
485 703 750 769 protulerat,
778 701 824 747 id
843 715 936 746 non
956 698 1098 746 minus
1115 699 1327 746 invenisse
1340 710 1357 758 ',
1374 718 1503 763 quam
1523 702 1591 748 in-

311 792 492 829 ventum
522 776 762 824 monstrare
778 772 930 829 alteri,
959 772 1163 834 voluptas
1185 785 1277 819 erat
1297 790 1307 818 :
1327 790 1407 821 nec
1425 787 1497 821 aut
1512 775 1590 823 ulli

316 854 516 915 superare
546 861 720 913 poterat
737 882 751 906 ,
778 858 851 892 aut
877 843 1030 891 deess'e.
1056 844 1168 911 inter
1199 846 1443 892 concordes
1475 847 1594 895 divi·

315 926 516 973 debatur.
555 921 769 968 Nondum
804 917 1022 966 valentior
1059 916 1323 980 imposuerat
1361 917 1594 966 infirmiori

316 1015 497 1046 manum
513 1033 526 1055 ‚
557 995 754 1043 nondum
784 1007 939 1040 avarus
958 991 1269 1038 abscondendo
1289 993 1411 1056 quod
1438 993 1514 1039 fibi
1533 994 1595 1040 ia-
1614 1042 1619 1046 ,

319 1083 458 1129 ceret,
480 1071 610 1117 alium
640 1065 884 1114 neceffariis
914 1080 1092 1127 quoque
1119 1064 1383 1111 excluserat:
1410 1081 1486 1128 par
1504 1079 1596 1112 erat

318 1144 514 1200 alterius,
533 1159 583 1189 ac
611 1140 694 1198 sui,
711 1155 826 1188 cura.
849 1140 985 1184 Arma
1005 1137 1238 1194 cessabant,
1261 1137 1597 1202 incruentaeque

319 1218 514 1264 humano
538 1213 740 1277 sanguine
759 1228 913 1258 manus
930 1243 944 1266 ‚
977 1210 1130 1256 odium
1147 1227 1280 1257 omne
1297 1211 1343 1257 in
1364 1210 1474 1258 feras
1493 1229 1598 1258 ver-

318 1301 471 1336 terant.
500 1288 583 1344 illi,
619 1302 730 1350 quos
757 1284 936 1348 aliquod
964 1300 1114 1331 nemus
1144 1283 1323 1331 densum
1341 1301 1365 1330 a
1385 1284 1474 1331 sole
1491 1301 1600 1346 pro-

318 1375 487 1410 texerat
503 1397 517 1418 ,
544 1360 619 1423 qui
644 1357 851 1406 adversus
874 1357 1096 1404 saevitiam
1116 1357 1296 1415 hiemis,
1326 1371 1401 1405 aut
1425 1357 1601 1414 imbris,

320 1436 402 1484 vili
430 1432 709 1496 receptaculo
739 1430 823 1478 tuti
849 1430 925 1477 sub
957 1431 1115 1477 fronde
1141 1431 1380 1487 vivebant,
1415 1432 1602 1494 placidas

321 1509 611 1572 transigebant
642 1505 727 1552 fine
757 1504 940 1567 suspirio
975 1505 1135 1551 nocies.
1161 1504 1419 1552 Sollicitudo
1448 1522 1530 1553 nos
1556 1506 1603 1552 in

324 1582 470 1629 nostra
492 1595 682 1643 purpura
701 1576 844 1624 versat
860 1613 875 1634 ,
903 1588 945 1623 et
963 1577 1185 1624 acerrimis
1205 1577 1364 1623 excitat
1392 1576 1571 1625 stimulis
1591 1595 1604 1625 :

325 1667 366 1704 at
382 1673 510 1719 quam
533 1654 714 1700 mollem
733 1651 932 1697 somnum
953 1650 1035 1697 illis
1054 1651 1160 1697 dura
1177 1651 1301 1698 tellus
1317 1651 1446 1698 dabat
1464 1649 1474 1697 ἔ
1499 1653 1603 1698 Νοη

324 1724 637 1791 impendebant
659 1723 814 1770 caelata
833 1722 1049 1786 laquearia
1068 1739 1079 1768 :
1100 1722 1170 1769 sed
1188 1722 1233 1768 in
1249 1737 1403 1785 aperto
1419 1723 1605 1771 iacentes

325 1800 462 1846 fidera
490 1794 868 1859 superlabebantur
883 1829 897 1851 ,
923 1805 966 1839 et
990 1792 1155 1856 insigne
1176 1794 1465 1856 spectaculum
1493 1812 1604 1842 noc-

298 1860 300 1864 ’
326 1871 435 1918 tium
452 1887 466 1926 3
499 1869 685 1914 mundus
705 1867 750 1912 in
771 1882 975 1929 praeceps
998 1866 1230 1927 agebatur,
1247 1864 1418 1912 silentio
1437 1878 1606 1915 tantum

329 1961 444 2008 opus
473 1944 648 1989 ducens.
676 1952 763 1987 tam
791 1939 982 1986 interdiu
1005 1938 1113 1996 illis,
1134 1955 1266 2002 quam
1295 1939 1457 1998 noctu,
1485 1953 1607 2002 pate-

330 2020 405 2067 bat
437 2016 689 2080 prospectus
719 2013 848 2060 huius
881 2013 1200 2076 pulcherrimae
1225 2014 1382 2060 domus
1406 2031 1418 2060 ε
1446 2014 1610 2063 libebat

329 2090 490 2138 intueri
512 2090 625 2152 signa
642 2125 653 2145 ,
681 2105 733 2133 ex
751 2086 892 2132 media
917 2086 1028 2132 coeli
1050 2098 1170 2148 parte
1191 2087 1443 2148 vergentia,
1462 2087 1610 2135 rursus

332 2183 387 2213 ex
413 2166 590 2211 occulto
609 2164 690 2209 alia
709 2161 935 2224 surgentia.
952 2161 1118 2220 Quidni
1139 2161 1308 2208 iuvaret
1326 2161 1476 2226 vagari
1497 2163 1610 2209 inter

331 2250 420 2285 tam
454 2240 537 2284 late
564 2235 704 2299 sparsa
730 2232 973 2281 miracula?
1006 2235 1063 2280 At
1082 2249 1166 2279 vos
1190 2234 1242 2279 ad
1263 2249 1442 2279 omnem
1468 2234 1609 2280 tecto-

332 2328 431 2357 rum
457 2310 623 2371 pavetis
649 2308 803 2354 sonum
822 2339 836 2361 ,
866 2318 909 2352 et
928 2305 1039 2351 inter
1061 2305 1248 2368 picturas
1266 2305 1428 2352 vestras
1453 2307 1485 2353 fi
1505 2306 1610 2370 quid

333 2381 552 2445 increpuit
573 2418 587 2440 ,
612 2381 758 2444 fugitis
779 2379 968 2427 attoniti.
999 2380 1105 2425 Non
1128 2379 1344 2425 habebant
1360 2379 1520 2426 domos
1538 2379 1611 2425 in-

336 2456 418 2504 star
441 2457 633 2506 urbium.
662 2455 846 2520 Spiritus
875 2471 926 2503 ac
944 2454 1053 2502 liber
1079 2454 1194 2505 inter
1223 2466 1369 2518 aperta
1396 2453 1545 2511 flatus,
1567 2466 1611 2501 et
