1807 3004
292 209 381 253 104
512 195 559 240 L.
610 192 926 262 ANNAm
977 189 1341 236 SENECAE

287 299 557 349 Posidonio?
579 301 687 346 Non
707 299 848 345 sumus
870 298 946 344 sub
963 314 1090 361 rege:
1109 298 1183 344 fibi
1202 299 1387 361 quisque
1410 298 1447 344 se
1467 297 1566 345 vin-

284 375 411 422 dicat.
440 375 554 435 apud
586 373 687 419 istos
719 371 933 436 quidquid
964 371 1068 418 dicit
1104 372 1401 427 Hermachus‚
1433 373 1563 434 quid-

283 448 390 511 quid
427 447 738 502 Metrodorus,
773 446 827 510 acl
856 461 991 491 unum
1024 444 1221 492 refertur
1266 445 1430 506 Omnia
1454 460 1565 507 quae

283 519 541 582 quisquam
532 537 576 564 ιη
600 519 675 564 illo
701 505 995 566 contubernio
1012 519 1186 565 locutus
1206 518 1294 575 est,
1321 519 1446 564 unius
1467 518 1568 564 duc-

284 606 333 640 tu
363 604 405 636 et
435 589 634 651 auspiciis
660 590 770 637 dffila
800 588 907 637 sunt
956 591 1062 635 Non
1090 553 1344 651 poss'umii5‚
1362 591 1569 652 inquam,
1632 614 1643 622 *-

284 663 387 710 licet
432 676 675 718 tentemus,
716 680 770 710 ex
810 676 928 710 tanta
959 679 1105 709 rerum
1144 663 1391 728 aequalium
1436 664 1566 726 copia

287 738 476 785 educere
507 737 683 800 aliquid.

354 847 558 906 Pauperis
575 845 627 911 est
651 862 860 891 numerare
878 864 1015 906 pecus⁰

288 954 573 1016 Quocunque
602 952 768 1000 miseris
794 952 974 999 oculum
991 988 1004 1009 ,
1031 951 1076 998 id
1107 951 1186 999 tibi
1221 951 1415 1000 occurrit
1443 953 1567 1015 quod

290 1024 487 1072 eminere
514 1024 676 1086 pollex,
697 1023 906 1071 nisiinter
927 1024 1048 1087 paria
1076 1024 1304 1087 legeretur.
1329 1026 1480 1086 Quare
1498 1025 1574 1071 de-

289 1114 410 1162 pone
438 1096 561 1144 istam
586 1097 733 1160 spem,
760 1098 884 1160 posse
905 1110 946 1143 te
964 1096 1221 1147 :summatim
1257 1095 1481 1160 degustare
1507 1097 1576 1143 in-

292 1172 423 1236 genia
450 1171 747 1217 maximorum
781 1171 982 1217 virorum
1021 1187 1032 1215 :
1062 1181 1154 1216 tota
1190 1170 1270 1216 tibi
1307 1168 1576 1232 inspicienda

294 1244 424 1301 sunt,
450 1254 543 1290 tota
572 1243 805 1290 trailanda.
830 1244 917 1288 Res
944 1242 1137 1306 geritur,
1164 1257 1207 1289 et
1232 1258 1310 1305 per
1333 1243 1577 1288 lineamen-

293 1331 336 1365 {a
364 1315 427 1362 sui
461 1314 624 1379 ingenii
653 1331 766 1378 opus
798 1315 984 1361 neffiffir
1002 1351 1016 1372 ‚
1056 1330 1111 1361 ex
1140 1330 1232 1378 quo
1260 1313 1367 1359 nihil
1396 1312 1575 1359 subduci

293 1388 383 1436 {ine
419 1387 545 1435 ruina
574 1386 728 1450 potest.
769 1387 866 1433 Nec
896 1386 1079 1441 recuso,
1116 1402 1208 1449 quo
1243 1385 1386 1431 minus
1416 1383 1578 1446 singula

295 1461 511 1520 membra,
532 1460 780 1507 dummodo
797 1460 842 1506 in
867 1459 961 1523 ipso
981 1458 1176 1515 homine,
1195 1456 1454 1506 confideres.
1474 1458 1580 1502 Non

295 1534 359 1584 est
388 1533 613 1594 formosa,
637 1531 759 1583 cuius
785 1549 882 1580 crus
905 1533 1101 1579 laudatur
1125 1547 1197 1579 aut
1220 1531 1473 1587 brachium,
1506 1529 1580 1576 sed

295 1609 370 1658 illa
395 1608 518 1656 cuius
546 1606 745 1655 universa
769 1606 902 1654 facies
929 1606 1264 1653 admirationem
1285 1604 1460 1668 fingulis
1480 1596 1579 1666 par'-

295 1682 412 1730 tibus
439 1681 621 1729 abstulit.
652 1680 693 1726 Si
722 1692 867 1726 tamen
895 1678 1121 1743 exegeris;
1146 1695 1238 1725 non
1262 1689 1349 1724 tam
1380 1675 1579 1723 mendice

297 1769 446 1804 tecum
480 1772 635 1818 agam,
668 1754 742 1801 sed
779 1754 904 1816 plena
934 1770 1068 1800 manu
1099 1751 1201 1799 fiet.¹
1234 1754 1387 1815 Ingens
1424 1765 1581 1797 eorum

297 1831 429 1879 turba
447 1829 509 1877 est
525 1829 674 1892 paffim
699 1827 963 1876 iacentium:
984 1827 1190 1874 sumenda
1210 1838 1362 1884 erunt,
1380 1841 1476 1871 non
1495 1823 1578 1872 col·

299 1906 487 1970 ligenda.
514 1906 622 1952 Non
653 1903 771 1952 enim
800 1901 1036 1957 excidunt,
1066 1901 1138 1948 sed
1165 1900 1306 1948 fluunt
1339 1911 1549 1962 perpetua
1567 1932 1583 1955 ,

301 1993 348 2026 et
367 1978 481 2024 inter
509 1977 549 2024 se
576 1992 774 2024 connexa
794 1974 901 2021 sunt.
935 1975 1030 2022 Nec
1051 1973 1231 2030 dubito,
1261 1973 1367 2036 quin
1397 1971 1584 2017 multum

301 2050 535 2097 conferant
563 2047 742 2094 rudibus
770 2047 942 2100 adhuc,
976 2059 1018 2093 et
1048 2045 1312 2092 extrinsecus
1339 2042 1583 2091 auscultan-

302 2123 430 2171 tibus.
471 2121 652 2169 Facilius
681 2119 798 2167 enim
825 2120 984 2181 singula
1005 2119 1192 2166 insidunt
1226 2117 1552 2180 circumscripta
1570 2150 1586 2172 ,

304 2209 350 2242 et
374 2194 579 2242 carminis
608 2193 748 2238 modo
776 2191 952 2237 inclusa.
987 2192 1092 2237 Ideo
1116 2189 1258 2252 pueris
1284 2201 1327 2236 et
1356 2188 1587 2236 sententias

304 2269 558 2318 ediscendas
577 2269 745 2325 damus,
762 2280 806 2312 et
825 2265 898 2312 has
917 2281 1022 2328 quas
1044 2264 1201 2312 Graeci
1221 2263 1375 2310 Chi-ias
1395 2274 1589 2309 vocant:

305 2344 410 2408 quia
431 2342 662 2407 compleffl
685 2357 756 2389 eas
776 2340 956 2403 puerilis
974 2339 1144 2386 animus
1163 2337 1303 2399 potest
1329 2355 1340 2385 ε
1368 2337 1468 2399 quia
1490 2336 1586 2396 plus

308 2419 451 2467 adhuc
473 2437 566 2466 non
594 2417 712 2480 capit
740 2416 847 2464 certi
875 2414 1114 2477 profestus.
1137 2413 1251 2461 Viro
1277 2424 1451 2475 captare
1475 2409 1586 2457 flos-

300 2488 434 2545 culos
463 2506 591 2557 turpe
620 2493 710 2549 est⁵
738 2502 783 2540 et
810 2489 963 2539 fulcire
986 2488 1030 2537 se
1053 2485 1285 2537 notiffimis
1312 2497 1357 2534 et
1380 2481 1585 2549 paucisne
