1807 3004
542 168 1122 239 EPISTOALAE.
1407 209 1464 252 41

195 298 399 362 patientia
419 297 687 344 restitissent:
708 296 728 361 )
752 298 808 344 ita
839 315 892 345 ex
919 298 1011 354 his,
1045 314 1155 361 quae
1185 296 1354 344 animos
1385 316 1470 345 no·

196 374 305 420 stros
334 373 533 436 subigunt
562 386 604 419 et
634 374 844 428 domant,
874 372 968 435 plus
997 370 1234 435 proficiunt
1259 388 1369 434 quae
1396 372 1474 418 ha-

199 450 301 494 bent
330 447 454 508 quod
480 445 720 492 ostendant.
746 446 842 492 Illae
869 444 1004 508 pestes
1029 461 1119 490 non
1146 444 1290 490 minus
1321 459 1476 507 graves

198 521 317 576 sunt,
338 518 496 565 famem
516 518 618 565 dico
636 532 678 565 et
698 518 806 564 sitim
822 553 836 575 ,
867 530 909 563 et
935 517 1296 580 praecordiorum
1314 518 1477 579 suppu-

198 590 418 646 rationes,
450 606 492 637 et
521 589 687 636 febrem
715 590 880 637 viscera
911 590 998 652 ipla
1022 602 1291 637 torrentem:
1313 590 1385 636 sed
1413 591 1476 635 la-

198 677 317 712 tent.·
336 665 444 711 nihil
464 664 621 711 habent
644 664 765 726 quod
786 664 1025 718 intentent,
1046 664 1167 727 quod
1198 663 1447 727 praeferant
1468 681 1480 710 :

199 738 332 793 haec,
363 752 411 785 ut
438 754 593 800 magna
613 737 724 782 bella
744 772 757 795 ,
783 736 980 798 adspefiu
1007 749 1247 800 paratuque
1266 737 1480 784 vicerunt.

198 812 368 858 Demus
398 810 544 873 itaque
577 826 784 872 operam,
816 808 1099 856 abstineamus
1126 809 1311 856 offensis.
1341 813 1479 855 Inter-

199 883 304 928 dum
324 882 514 945 populus
537 881 616 938 est,
639 898 770 943 quem
787 880 941 927 timere
958 882 1217 928 debeamus:
1239 881 1481 939 interdum,

199 957 229 1002 fi
249 973 299 1003 ea
324 956 511 1003 civitatis
532 956 757 1017 disciplina
785 954 871 1012 est,
903 969 952 1001 ut
979 956 1164 1017 plurima
1189 972 1266 1017 per
1289 955 1481 1002 senatum

201 1029 515 1092 transigantur,
547 1027 717 1092 gratiosi
747 1028 792 1074 in
822 1043 878 1074 eo
907 1026 1019 1082 viri3
1050 1028 1269 1074 interdum
1301 1026 1483 1089 singuli,

200 1102 356 1165 quibus
377 1101 566 1165 potestas
596 1101 746 1164 populi
769 1137 782 1159 ‚
807 1112 850 1147 et
868 1100 912 1146 in
933 1101 1146 1163 populum
1171 1101 1270 1147 data
1290 1100 1362 1146 est.
1389 1101 1486 1147 Hos

202 1190 356 1220 omnes
375 1175 541 1222 amicos
557 1175 714 1220 hab-ere
730 1210 742 1231 ‚
768 1174 1002 1236 operosum
1025 1173 1086 1221 est
1107 1192 1117 1219 :
1138 1174 1234 1220 satis
1255 1172 1315 1220 est
1333 1172 1486 1218 inimi-

204 1264 282 1293 cos
312 1264 404 1293 non
434 1247 606 1293 habere.
628 1247 776 1309 Itaque
810 1244 971 1308 sapiens
997 1262 1219 1308 nunquam
1241 1245 1488 1308 potentium

206 1320 290 1366 iras
317 1319 612 1382 provocabit:
637 1318 778 1364 immo
797 1318 1054 1376 declinabit,
1086 1334 1176 1364 non
1205 1318 1328 1364 aliter
1355 1334 1488 1382 quam

203 1392 247 1438 in
270 1392 517 1455 navigando
537 1391 790 1453 procellam.
820 1391 935 1438 Cum
955 1402 1123 1453 peteres
1152 1390 1337 1438 Siciliam
1353 1426 1365 1448 ,
1396 1402 1488 1435 tra-

207 1465 343 1511 iecisti
359 1464 534 1510 fretum.
555 1464 807 1511 temerarius
822 1466 1092 1528 gubernator
1111 1463 1340 1511 contemsit
1360 1460 1492 1509 austri

205 1538 345 1584 minas
366 1554 375 1583 :
399 1536 502 1601 (ille
528 1536 587 1583 e'st
606 1538 722 1584 enim
738 1573 750 1593 ,
783 1538 859 1601 qui
885 1538 1074 1585 Siculum
1107 1537 1283 1601 pelagus
1310 1536 1493 1599 exaspe-

205 1624 298 1666 ret,
329 1623 372 1656 et
400 1610 446 1655 in
476 1611 665 1657 vertices
687 1610 847 1675 cogat)
879 1628 971 1658 non
997 1609 1208 1657 sinistrum
1230 1611 1341 1673 petit
1366 1610 1492 1665 litus,

204 1684 276 1730 sed
296 1683 340 1729 id
357 1718 368 1737 ‚
394 1699 484 1744 quo
512 1684 702 1746 propior
728 1684 982 1748 Charybdis
1004 1684 1138 1730 maria
1159 1683 1406 1730 convolvit.
1434 1687 1491 1730 At

206 1758 275 1806 ille
308 1757 496 1814 cautior,
533 1758 696 1819 peritos
726 1758 928 1804 locorum
962 1771 1113 1821 rogat,
1144 1758 1219 1821 qui
1245 1756 1380 1804 aestus
1411 1757 1493 1816 fit,

206 1849 320 1895 quae
337 1831 450 1895 ligna
471 1833 574 1878 dent
593 1833 729 1878 nubes
744 1868 756 1888 ‚
773 1846 816 1878 et
835 1832 965 1895 longe
984 1832 1037 1878 ab
1061 1832 1128 1877 illa
1149 1831 1330 1894 regione
1353 1831 1496 1878 verti·

209 1906 328 1953 cibus
346 1904 500 1952 infami
527 1905 696 1951 cursum
718 1916 848 1950 tenet.
875 1905 991 1950 Idem
1018 1903 1122 1951 facit
1143 1904 1307 1966 sapiens
1329 1921 1339 1949 z
1361 1903 1492 1950 noci-

208 1994 351 2024 turam
383 1972 622 2040 potentiam
649 1977 782 2034 vitat,
804 1977 890 2023 hoc
921 1978 1110 2040 primum
1133 1993 1295 2024 cavens
1310 2009 1323 2031 ‚
1344 1993 1397 2023 ne
1420 1975 1494 2023 vi-

210 2064 302 2098 tare
323 2051 537 2098 videatur.
552 2052 653 2097 Pars
667 2051 782 2097 enim
807 2049 1046 2097 securitatis
1065 2064 1108 2096 et
1127 2049 1172 2096 in
1187 2050 1276 2096 hoc
1295 2048 1379 2107 est,
1401 2064 1495 2094 non

212 2142 266 2170 ex
288 2122 485 2186 profeffo
505 2140 599 2169 eam
626 2136 772 2186 petere
792 2141 802 2170 ε
825 2123 925 2187 quia
947 2139 1056 2186 quae
1077 2122 1172 2185 quis
1190 2121 1303 2185 fugit
1317 2157 1330 2179 ‚
1365 2122 1495 2168 dam-

213 2210 298 2243 nat.
325 2194 780 2257 Circumspiciendum
811 2195 940 2241 nobis
965 2194 1024 2241 est
1047 2211 1153 2257 ergo
1172 2229 1185 2251 ,
1212 2194 1449 2257 quomodo
1468 2211 1494 2240 a

213 2271 348 2332 vulgo
372 2269 452 2316 tuti
468 2269 553 2316 effe
569 2269 791 2332 poffimus.
815 2269 1009 2314 Primum
1033 2268 1140 2314 nihil
1159 2268 1258 2314 inde
1276 2267 1494 2330 concupi-

216 2344 400 2401 scamus,
411 2345 524 2390 unde
538 2343 633 2389 rixa
652 2343 712 2389 est
728 2343 838 2389 inter
857 2342 1173 2404 competitores
1189 2341 1372 2388 :deinde
1389 2340 1499 2386 nihil

214 2417 450 2462 habeamus
481 2418 604 2480 quod
624 2433 721 2462 cum
744 2432 906 2480 magno
926 2415 1229 2461 emolumento
1253 2414 1495 2460 insidiantis

215 2491 325 2554 eripi
346 2490 487 2555 poffit.
504 2506 636 2556 quam
651 2490 885 2537 minimum
899 2487 948 2536 sit
967 2488 1011 2535 in
1028 2503 1218 2552 corpore
1235 2498 1313 2535 tuo
1331 2486 1355 2533 s
1347 2485 1494 2550 polio-
