1797 2956
314 172 400 228 146
535 171 580 216 L.
634 169 944 214 ANNAEI
993 169 1356 215 SENECAE

305 275 510 333 effertur,
545 276 615 323 sed
648 275 776 321 etiam
815 275 1009 323 iacentia.
1059 278 1155 323 Nos
1181 289 1404 339 utcunque
1431 276 1579 339 poffu-

307 368 428 406 mus,
451 349 647 397 con-tenti
672 351 816 395 sumus
844 350 978 396 Baiis:
1001 367 1105 412 quas
1133 351 1308 413 postero
1331 351 1423 408 die,
1449 369 1580 414 quam

305 425 527 487 attigeram
546 457 560 479 ‚
584 423 764 484 reliqui:
793 424 940 470 locum
962 424 1021 469 ob
1044 424 1131 471 hoc
1158 425 1458 482 devitandum,
1479 442 1584 474 cum.

305 496 457 542 habeat
485 495 689 557 quasdam
722 494 935 541 naturales
960 496 1107 552 dotes,
1137 495 1238 557 quia
1261 495 1335 541 fibi
1363 497 1484 542 illum
1505 512 1580 541 ce-

304 566 559 612 lebrandum
595 566 759 610 luxuria
791 565 1005 612 desc-imfir.
1053 566 1173 626 Quid
1201 568 1339 630 ergo?
1379 568 1448 613 ulli
1476 560 1582 613 loeo

305 638 582 685 indicendum
611 636 668 682 cst
689 637 837 682 odium
862 636 878 683 ?
900 637 1091 684 minime.
1112 638 1181 683 sed
1207 639 1578 699 quemadmodum

307 712 449 773 aliqua
479 709 605 755 vestis
627 709 802 770 sapienti
830 726 878 754 ac
910 709 1054 770 probo
1083 710 1185 755 viro
1210 710 1343 771 magis
1370 709 1582 757 convenit

307 798 434 846 quarn
458 781 560 838 alia,
586 797 664 826 nec
684 780 818 825 ullum
841 781 1038 826 colorem
1064 781 1131 826 ille
1151 781 1268 838 odit,
1300 782 1370 827 sed
1395 782 1581 845 aliquem

306 870 427 920 putat
455 872 606 915 parum
641 869 788 915 aptum
820 853 904 898 effe
935 853 1224 916 frugalitatem
1255 854 1451 917 profeffo
1482 873 1493 901 ε
1524 853 1580 917 fig:

305 928 430 991 regio
455 944 631 990 quoque
653 926 736 983 est,
766 943 894 988 quam
913 926 1078 989 sapiens
1106 927 1202 983 vir,
1233 943 1305 975 aut
1334 929 1388 975 ad
1417 929 1582 991 sapien-

307 1003 413 1049 tiam
439 1002 643 1057 tendens,
668 1001 879 1058 declinet,
905 1017 1107 1063 tanquam
1135 1002 1314 1049 alienam
1333 1003 1460 1048 bonis
1484 1018 1583 1048 mo-

306 1074 438 1121 ribus.
475 1077 622 1136 ltaque
650 1074 702 1118 de
735 1072 895 1118 seceffu
926 1075 1149 1136 cogitans,
1172 1091 1393 1138 nunquam
1419 1074 1582 1120 ‘Cano-

308 1166 414 1211 pum
446 1148 597 1209 eliget‚
632 1147 831 1209 quamvis
863 1148 1080 1192 neminem
1112 1147 1320 1209 Canopus
1349 1147 1431 1193 effe
1463 1146 1582 1209 frugi

307 1230 439 1267 vetet.
477 1218 545 1263 Ne
579 1218 696 1263 Baias
727 1217 919 1278 quidem.
947 1217 1234 1264 diversorium
1261 1219 1472 1265 vitiorum
1496 1219 1582 1264 effe

309 1302 562 1354 coeperunt.
583 1290 670 1335 lllic
684 1289 760 1334 fibi
778 1290 1012 1351 plurimum
1032 1290 1202 1336 luxuria
1221 1290 1454 1352 permittit:
1475 1291 1583 1349 illic,

307 1377 514 1426 tanquam
540 1361 680 1425 aliqua
702 1361 874 1407 licentia
901 1362 1106 1409 debeatur
1128 1363 1260 1420 loco,
1283 1364 1415 1426 magis
1444 1363 1583 1409 solvi-

307 1450 392 1484 tur.
422 1436 526 1481 Non
554 1445 723 1480 tantum
755 1434 956 1494 corpori,
981 1434 1053 1479 sed
1086 1435 1216 1480 etiam
1251 1435 1449 1481 moribus
1475 1435 1583 1481 salu-

309 1509 429 1554 brem
460 1506 606 1551 locum
632 1504 791 1568 eligere
815 1503 1035 1550 debemus.
1061 1505 1448 1564 Quemadmodum
1471 1505 1584 1552 inter

307 1593 497 1628 tortores
512 1579 705 1625 habitare
722 1579 857 1624 nolim
871 1610 883 1632 ‚
897 1578 954 1624 sic
973 1576 1051 1624 nec
1070 1578 1180 1625 inter
1196 1579 1379 1640 popinas
1392 1578 1584 1639 quidem.

240 1707 242 1710 y
308 1653 470 1699 Videre
495 1651 641 1697 ebrios
668 1667 744 1712 per
776 1646 911 1696 litora*
932 1661 1122 1698 errantes
1139 1685 1152 1708 ‚
1182 1661 1223 1696 et
1251 1649 1582 1696 comessationes

308 1724 605 1788 navigantium
622 1759 635 1782 ,
660 1736 703 1770 et
720 1723 1081 1788 symphoniarum
1099 1723 1292 1769 cantibus
1312 1723 1583 1785 perstrepen-

308 1812 370 1847 tes
398 1801 543 1855 lacus‚
570 1813 613 1843 et
640 1797 747 1855 alia,
781 1813 890 1860 quae
917 1797 1038 1842 velut
1058 1795 1193 1842 soluta
1222 1796 1386 1858 legibus
1416 1795 1584 1841 luxuria

305 1890 401 1920 non
427 1883 597 1919 tantum
620 1884 793 1932 peccat,
822 1871 894 1916 sed
920 1870 1136 1931 publicat,
1163 1871 1271 1932 quid
1295 1869 1459 1916 necesse
1487 1869 1583 1918 est?

307 1947 358 1992 Id
393 1961 518 2008 agere
555 1943 794 2000 debemus,
828 1954 875 1988 ut
906 1941 1168 1988 irritamenta
1202 1941 1413 1990 vitiorum
1452 1959 1584 2005 quam

306 2017 550 2082 longissime
579 2016 898 2079 profugiamus.
940 2015 1208 2062 Indurandus
1232 2015 1291 2061 est
1317 2015 1486 2062 animus
1502 2051 1517 2074 ‚
1541 2027 1585 2063 et

306 2108 331 2137 a
351 2088 656 2137 blandimentis
676 2088 949 2151 voluptatum
969 2087 1128 2149 procul
1148 2087 1463 2134 abstrahendus.
1484 2090 1584 2135 Una

306 2163 597 2212 Hannibalem
629 2162 807 2208 hiberna
828 2162 1081 2208 solverunt:
1103 2173 1145 2208 et
1174 2160 1436 2207 indomitum
1463 2161 1581 2207 illum

274 2282 277 2285 .
306 2238 483 2285 nivibus
513 2248 640 2298 atque
672 2235 856 2297 Alpibus
887 2235 1030 2280 virum
1061 2246 1385 2282 enervaverunt
1410 2234 1582 2280 fomen-

306 2325 350 2357 ta
382 2308 659 2372 Campaniae.
685 2308 828 2354 Armis
855 2307 984 2365 vicit,
1018 2307 1137 2354 vitiis
1169 2307 1306 2354 vielus
1333 2306 1405 2354 est.
1440 2305 1582 2351 Nobis

306 2400 487 2447 quoque
509 2382 781 2429 militandum
803 2380 863 2428 est
885 2399 896 2428 :
919 2394 962 2428 et
988 2381 1165 2444 quidem
1193 2395 1347 2443 genere
1374 2378 1550 2425 militiae
1566 2412 1582 2435 ,

306 2471 400 2518 quo
439 2472 664 2519 nunquam
698 2454 849 2519 quies,
887 2470 1110 2518 nunquam
1143 2453 1282 2500 otium
1320 2452 1455 2501 datur.
1489 2452 1585 2498 Dea
