1807 3004
554 160 1130 209 EPISTOLAE,
1386 183 1465 227 μ,

212 267 336 331 quit,
371 283 414 316 et
444 265 680 331 sapientem
720 268 982 314 deteriorem
1018 268 1147 316 faciet
1182 284 1409 332 paupertas
1436 290 1480 323 et

211 343 367 400 dolor,
396 339 669 403 et·quidquid
701 341 814 386 aliud
842 340 926 386 tale
946 339 1107 387 fuerit:
1129 341 1332 388 virtutem
1360 345 1478 393 enim

210 418 269 463 illi
300 434 390 463 non
418 412 596 477 eripiet,
627 415 700 462 sed
721 430 858 478 opera
883 414 973 461 eius
996 414 1217 476 impediet.
1250 418 1353 466 Hoc
1386 434 1482 468 rece

210 503 252 537 te
276 490 515 545 diceretur,
544 487 619 533 nisu
647 488 855 535 diffimilis
879 488 982 536 effer
1003 491 1302 553 gubernatoris
1328 494 1483 540 condi-

209 563 301 620 ti0,
332 575 374 609 et
403 560 614 624 sapientis.
640 562 757 609 Huic
784 562 898 610 enim
925 562 1197 625 propofitum
1231 563 1291 610 est
1311 565 1358 611 in
1392 567 1484 613 vita

209 636 396 698 agenda,
428 651 519 681 non
543 635 696 698 utique
727 636 848 699 quod
877 648 1041 692 tentat,
1068 637 1366 694 efficeressed
1387 657 1486 687 om-

209 707 278 753 nia
309 708 425 754 reste
456 707 598 754 facere
628 725 638 753 :
667 708 947 771 gubernatori
977 708 1252 772 propositum
1279 711 1365 766 est,
1393 712 1486 759 uti-

210 798 295 844 que
327 797 486 827 navem
515 781 558 826 in
598 792 775 842 portum
808 781 1061 843 perducere.
1098 786 1226 829 Artes
1265 782 1486 831 ministrae

209 854 304 900 sunt
324 871 334 899 :
366 851 576 915 praestare
600 853 788 912 debent,
812 853 935 916 quod
958 854 1221 915 promittunt
1244 871 1254 902 ε
1281 855 1487 918 sapientia

211 926 390 971 domina
418 925 669 987 reetrixque
704 924 778 973 est.
816 929 944 973 Artes
974 925 1171 973 serviunt
1201 926 1343 983 vitae,
1372 928 1487 991 sapi-

210 999 326 1045 entia
354 999 552 1060 imperat.
572 1001 668 1060 Ego
688 997 811 1045 aliter
839 997 1189 1060 respondendum
1209 999 1360 1046 iudico
1374 1037 1385 1055 ,
1406 1017 1487 1049 nec

208 1083 343 1117 artem
366 1070 670 1133 gubernatoris
696 1071 962 1118 deteriorem
987 1071 1073 1117 ulla
1089 1071 1340 1134 tempestate
1370 1073 1487 1132 fieri,

209 1161 289 1190 nec
322 1144 456 1206 ipsam
496 1142 915 1193 administrationem
950 1142 1065 1192 artis.
1103 1145 1385 1192 Gubernator
1407 1146 1486 1193 tibi

208 1234 300 1263 non
328 1217 579 1264 felicitatem
607 1217 804 1279 promifit
818 1253 832 1275 ,
854 1216 926 1264 sed
947 1218 1094 1264 utilem
1115 1234 1295 1282 operam
1311 1251 1325 1275 ,
1355 1232 1398 1267 et
1413 1238 1487 1267 na·-

210 1291 275 1337 vis
299 1291 511 1353 regendae
538 1289 773 1338 scientiam.
804 1290 912 1338 haec
931 1308 987 1338 eo
1013 1291 1148 1354 magis
1165 1305 1374 1356 apparet,
1394 1309 1486 1357 quo

207 1364 271 1410 illi
304 1364 438 1427 magis
466 1365 608 1427 aliqua
636 1363 816 1411 fortuita
846 1363 914 1410 vis
942 1363 1121 1411 obstitit.
1159 1366 1250 1425 Qui
1283 1366 1371 1414 hoc
1399 1384 1486 1430 po-

208 1437 292 1483 tuit
324 1435 497 1495 dicere,
531 1438 765 1499 Neptune,
797 1452 1019 1499 nunquam
1048 1437 1159 1485 hanc
1189 1454 1346 1486 navem
1365 1475 1378 1497 ,
1408 1442 1485 1487 nisi
1519 1454 1522 1458 ·

209 1511 395 1565 re&am;
414 1509 494 1556 arti
514 1508 731 1556 satisfecit.
759 1509 987 1571 tempestas
1017 1525 1106 1555 non
1132 1526 1246 1572 opus
1270 1512 1484 1573 guberna<

208 1585 318 1631 toris
352 1584 566 1647 impedit,
601 1584 674 1630 sed
707 1582 961 1630 succeffum.
1004 1582 1127 1643 Quid
1155 1585 1294 1648 ergo?
1327 1585 1486 1648 inquis.

209 1675 300 1704 non
329 1673 461 1706 nocet
482 1659 762 1722 gubernatori
782 1674 832 1704 ea
850 1675 918 1704 res
938 1675 1049 1721 quae
1068 1657 1190 1706 illum
1213 1672 1359 1707 tenere
1381 1679 1482 1724 por-

207 1743 300 1777 tum
330 1731 486 1778 vetat?
520 1748 631 1794 quae
664 1743 846 1778 conatus
874 1730 965 1778 eius
998 1729 1145 1779 irritos
1178 1732 1342 1780 efficit?
1369 1752 1482 1799 quae

206 1815 278 1849 aut
306 1803 438 1850 refert
464 1804 588 1851 illum
602 1840 619 1862 ,
638 1818 712 1851 aut
731 1803 892 1850 detinet
906 1839 919 1860 ‚
940 1814 982 1849 et
1011 1802 1231 1853 exarmat?
1262 1807 1369 1853 Non
1388 1820 1481 1853 tan-

206 1893 339 1938 quam
377 1877 688 1939 gubernatori,
724 1876 798 1922 sed
829 1888 1036 1940 tanquam
1080 1877 1303 1941 naviganti
1336 1896 1484 1930 nocet.

207 1948 419 2011 Alioquin
446 1947 747 2012 gubernatoris
769 1960 903 1996 artem
932 1948 1046 1995 adeo
1073 1965 1164 1996 non
1191 1951 1404 2015 impedit,
1433 1968 1480 2002 ut

207 2020 417 2066 ostendat.
445 2019 684 2079 tranquillo
708 2019 823 2066 enim
838 2055 852 2076 ,
876 2031 925 2066 ut
941 2019 1089 2078 aiunt,
1112 2021 1298 2085 quilibet
1320 2026 1479 2089 guber-

207 2105 332 2138 nator
350 2092 422 2138 est.
443 2091 637 2155 Navigio
658 2091 733 2138 ista
759 2092 942 2151 obsunt,
959 2109 1051 2140 non
1069 2094 1228 2142 rectori
1253 2096 1347 2146 eius
1360 2132 1373 2158 ,
1392 2116 1479 2164 qua

207 2166 351 2210 rector
378 2163 450 2210 est.
484 2166 606 2211 Duas
633 2164 839 2227 personas
871 2165 1000 2213 habet
1034 2167 1302 2230 gubernator
1327 2189 1338 2218 :
1368 2174 1479 2223 alte-

204 2253 295 2281 ram
323 2253 606 2283 communem
627 2254 725 2284 cum
745 2237 948 2285 omnibus
962 2237 1039 2301 qui
1059 2239 1241 2287 eandem
1266 2244 1479 2295 conscen-

204 2311 361 2355 derunt
393 2326 578 2367 navem,
609 2326 695 2372 qua
722 2309 813 2373 ipse
845 2327 1026 2375 quoque
1055 2313 1210 2360 veEtor
1243 2315 1336 2365 est:
1367 2320 1478 2369 alte..

205 2399 295 2427 ram
335 2383 555 2443 propriam
575 2418 588 2438 ‚
620 2400 702 2446 qua
732 2383 1002 2446 gubernator
1030 2384 1104 2434 est.
1130 2389 1357 2451 tempestas
1379 2405 1476 2438 tane

204 2471 334 2517 quam
362 2455 531 2501 *sefiori
552 2471 703 2512 nocet,
728 2473 817 2501 non
841 2469 1048 2521 tanquam
1069 2458 1365 2523 gubernatori.
1383 2466 1478 2513 De·

267 2529 313 2573 L.
344 2531 467 2575 Arm.
496 2532 662 2576 Seneca.
692 2533 783 2577 Vol.
803 2531 893 2579 III.
1176 2534 1222 2579 X
