1797 2956
337 165 430 225 '406
561 162 612 211 L.
651 162 955 212 ἈΝΝΑΕΙ
995 167 1349 214 SENECAE

339 267 411 314 illa
446 268 637 332 integros
668 286 717 316 ac
747 270 906 316 liberos
937 271 1097 333 genuit.
1135 272 1254 317 Nihil
1282 272 1461 335 quidem
1494 278 1616 337 quod

341 343 567 389 avaritiam
591 344 780 390 nostram
807 344 1021 401 irritaret,
1049 345 1193 406 posuit
1215 346 1259 391 in
1279 359 1431 407 aperto
1452 365 1463 393 z
1489 349 1616 409 pedi-

341 416 423 462 bus
450 433 600 462 aurum
634 429 676 462 et
709 431 932 480 argentum
962 417 1171 472 subiecit,
1201 418 1535 483 calcandumque
1569 437 1619 466 ac

341 490 630 551 premendum
652 491 771 537 dedit
789 526 802 548 ,
830 491 1045 553 quidquid
1064 490 1146 544 est,
1171 507 1350 553 propter
1376 494 1499 554 quod
1531 493 1622 539 cal-

343 578 497 609 camur
518 579 568 609 ac
585 563 841 625 premimur.
861 563 932 608 llla
948 565 1090 610 vultus
1107 563 1277 609 nostros
1301 565 1436 611 erexit
1456 566 1499 611 in
1518 581 1623 611 coe—

344 634 467 689 lum,
506 647 547 681 et
579 636 797 698 quidquid
830 635 1110 699 magnificum
1147 635 1395 699 mirumque
1424 637 1622 690 fecerat,

346 705 491 750 videri
512 722 535 752 a
562 706 889 768 suspicientibus
916 706 1057 752 voluit
1080 725 1091 752 ε
1119 718 1240 753 ortus
1259 708 1548 771 occasusque,
1582 726 1625 756 et

347 777 626 841 properantis
654 778 807 824 mundi
831 778 1071 824 volubilem
1100 779 1269 825 cursum
1290 815 1304 835 ‚
1333 779 1521 825 interdiu
1541 792 1628 826 tei·-

347 866 452 894 rena
489 850 752 911 aperientem
771 887 784 907 ‚
814 852 949 898 noaestu
986 851 1186 897 coelestia
1215 868 1226 895 :
1256 853 1404 898 tardos
1440 853 1627 898 siderum

349 922 560 980 incessus,
587 923 616 969 si
652 941 881 986 compares
907 925 1012 979 τούς
1046 924 1340 983 citatissimos,
1375 925 1404 971 si
1436 926 1629 989 cogites,

349 1011 511 1056 quanta
531 997 661 1058 spatia
686 1014 909 1058 nunquam
940 997 1178 1045 intermissa
1198 999 1427 1045 veloeitate
1447 1000 1630 1046 circum·

351 1084 451 1117 eant
478 1087 488 1115 :
520 1068 713 1116 defe&us
745 1070 844 1116 solis
879 1086 921 1118 et
951 1071 1106 1128 lunae,
1138 1070 1329 1118 invicem
1351 1072 1631 1119 obstantium.

352 1141 449 1187 Alia
474 1143 679 1204 deinceps
709 1144 838 1207 digna
869 1145 1055 1202 miratu,
1086 1144 1175 1192 five
1195 1162 1273 1205 per
1297 1146 1500 1191 ordinem
1530 1145 1634 1191 sub-

353 1227 479 1269 eunt,
503 1214 592 1260 five
611 1214 790 1262 subditis
810 1216 943 1262 causis
959 1229 1080 1262 mota
1099 1216 1323 1277 prosiliunt
1336 1253 1349 1272 ,
1366 1233 1413 1263 ut
1432 1217 1635 1264 nocturni

355 1287 524 1351 ignium
554 1290 708 1335 trafflus
726 1324 740 1344 ,
766 1303 808 1334 et
836 1288 922 1333 sine
954 1286 1044 1332 ullo
1073 1286 1160 1333 ictu
1188 1288 1416 1350 sonituque
1445 1287 1639 1351 fulgores

357 1361 470 1409 coeli
499 1374 582 1424 pat
576 1362 774 1417 stemus,
806 1360 1124 1422 columnaeque
1151 1377 1200 1407 ac
1234 1361 1404 1418 trabes,
1442 1374 1485 1407 et
1516 1362 1666 1407 varia'

357 1432 583 1478 simulacra
614 1432 900 1478 flammarum.
925 1433 1045 1477 Haec
1074 1430 1199 1492 supra
1232 1448 1313 1478 nos
1343 1431 1456 1477 itura
1485 1432 1635 1494 dispo-

360 1507 423 1553 nit
443 1524 454 1551 :
475 1524 551 1552 aui·
555 1525 629 1552 im
647 1508 825 1554 cuidem
842 1521 885 1553 et
902 1519 1154 1569 argentum,
1178 1518 1219 1551 et
1237 1521 1420 1568 propter
1435 1505 1509 1552 ista
1529 1524 1638 1552 nun-

361 1598 402 1644 q
398 1597 493 1626 tam
516 1596 667 1644 pacem
689 1596 819 1642 agens
845 1579 1039 1635 fe1‘‚rum
1069 1577 1186 1641 quasi
1217 1578 1328 1623 male
1357 1578 1483 1625 nobis
1509 1595 1637 1625 com-

361 1656 663 1706 mitterentur,
684 1652 925 1699 abscoudin
942 1652 1039 1697 Nos
1066 1650 1112 1696 in
1139 1651 1307 1709 lucem,
1325 1666 1505 1713 propter
1528 1668 1640 1714 quae

363 1744 655 1792 pugnaremus
673 1763 686 1784 ,
711 1726 941 1772 extulimus
965 1742 976 1770 :
1005 1740 1085 1770 nos
1103 1736 1146 1771 et
1176 1725 1321 1770 causas
1343 1725 1638 1786 periculorum

365 1804 644 1861 nostrorum,
672 1814 713 1849 et
739 1801 1044 1855 instrumenta,
1076 1799 1256 1845 disietsto
1286 1815 1494 1845 terrarum
1527 1816 1642 1861 pon-

365 1879 415 1926 de
425 1895 469 1923 re
483 1913 495 1934 ‚
513 1876 705 1922 eruimus
727 1893 736 1920 ε
759 1891 841 1921 nos
862 1874 1061 1920 fortunae
1082 1872 1192 1917 mala
1211 1871 1354 1917 nostra
1372 1871 1645 1928 tradidimus,
1704 1903 1720 1907 „

367 1967 447 2002 nec
468 1948 759 1996 erubescimus
779 1947 945 1993 summa
968 1945 1085 2009 apud
1106 1961 1187 1993 nos
1206 1944 1377 2003 haberi,
1413 1960 1523 2007 quae
1543 1943 1643 1991 fue-

365 2038 462 2070 rant
481 2023 565 2068 ima
586 2038 816 2069 terrarum.
838 2022 915 2067 Vis
933 2020 1062 2071 scire,
1081 2035 1212 2082 quam
1231 2016 1355 2063 falsus
1369 2016 1526 2062 oculos
1545 2029 1647 2063 tuos

367 2096 531 2158 decipit
552 2094 731 2159 fulgor?
768 2094 873 2141 nihil
898 2093 958 2140 est
979 2093 1066 2140 istis
1082 2129 1096 2149 ,
1120 2091 1327 2154 quamdiu
1345 2090 1481 2136 mersa
1506 2102 1550 2136 et
1575 2089 1644 2135 in-

369 2169 521 2214 voluta
556 2184 700 2214 coeno
733 2167 810 2214 suo
841 2167 1012 2220 iacent,
1043 2163 1242 2222 foedius,
1275 2161 1382 2208 nihil
1409 2161 1648 2208 obscurius.

367 2240 549 2306 quidni?
576 2242 756 2304 quando
781 2258 858 2304 per
878 2238 1229 2302 longiffimorum
1251 2235 1556 2284 cuniculorum
1579 2251 1649 2283 te-

370 2316 526 2362 nebras
545 2315 828 2361 extrahuntur
846 2331 857 2359 ε
876 2313 982 2359 nihil
1000 2311 1161 2358 estillis
1179 2311 1283 2357 dum
1298 2309 1407 2355 fiunt
1423 2345 1438 2367 ‚
1457 2320 1539 2354 eta
1556 2308 1650 2355 sae-

371 2404 422 2434 ce
448 2387 517 2433 sua
541 2387 814 2450 separantur,
829 2385 1074 2433 informius.
1102 2384 1311 2448 Denique
1333 2382 1450 2446 ipsos
1468 2381 1650 2444 opifices

373 2461 565 2522 intuere,
596 2478 674 2527 per
703 2478 896 2527 quorum
924 2477 1076 2510 manus
1105 2459 1244 2507 sterile
1276 2451 1413 2506 terrae
1442 2473 1580 2521 genus
1607 2469 1650 2505 et
