1807 3004
541 164 1104 211 EPISTOLAE.
1373 182 1461 229 311

193 289 334 319 unum
362 272 558 336 saporem
585 270 705 319 varia
739 271 811 318 illa
836 271 1068 318 libamenta
1097 269 1396 318 confundere:
1423 284 1470 320 ut

193 343 356 391 etiamsi
400 345 645 407 apparuerit
692 345 808 391 unde
844 344 1032 392 sumtum
1066 345 1142 402 fit,
1175 345 1289 391 aliud
1323 357 1470 393 tam‘en

193 418 276 464 effe
290 451 303 472 ‚
325 434 452 480 quam
472 419 585 464 unde
603 418 791 465 sumtum
812 418 871 464 est
887 451 901 472 ‚
930 429 1147 480 appareat.
1164 419 1286 481 quod
1302 417 1346 463 in
1369 435 1470 464 cor-

192 508 300 552 pore
320 491 469 538 nostro
498 491 724 549 videmus,
750 492 835 538 sine
860 493 944 538 ulla
968 502 1104 553 opera
1129 491 1295 547 nostra,
1328 491 1470 538 facere

191 574 401 609 naturam.
429 564 644 611 Alimenta
667 581 778 628 quae
808 563 1054 626 accepimus
1071 601 1082 619 ‚
1106 565 1314 621 quamdiu
1333 564 1375 609 in
1398 564 1470 611 sua

190 635 395 696 qualitate
429 636 688 696 perdurant,
728 649 772 682 et
807 635 943 682 solida
978 635 1174 681 innatant
1210 635 1469 695 stomacho,

189 722 319 753 onera
342 706 436 753 sunt
458 725 467 753 :
497 721 540 754 at
569 725 668 754 cum
690 725 744 754 ex
776 725 831 754 eo
850 708 974 769 quod
995 720 1141 763 erant,
1173 722 1332 756 mutata
1354 705 1468 767 sunt,

188 791 290 824 tunc
312 780 487 827 demum
507 780 549 825 in
570 780 686 827 vires
704 794 747 827 et
764 781 807 826 in
831 780 1077 843 sanguinem
1097 781 1327 827 transeunt.
1349 782 1468 829 Idem

187 850 227 895 in
250 851 340 910 his,
370 852 528 914 quibus
548 853 719 917 aluntur
737 853 910 917 ingenia
925 888 938 910 ‚
959 852 1248 915 praestemus:
1270 866 1316 899 ut
1336 871 1469 916 quae-

186 938 357 983 cunque
374 924 610 980 hausimus,
631 942 721 970 non
741 925 957 987 patiamur
984 924 1143 986 integra
1162 924 1272 981 effe,
1294 943 1346 972 ne
1367 926 1470 972 alie-

184 1012 238 1040 na
264 995 355 1043 fint.
381 997 726 1061 Concoquamus
752 999 819 1044 illa
850 1017 860 1044 :
899 999 1091 1060 alioquin
1126 997 1170 1043 in
1207 999 1467 1045 memoriam

182 1069 335 1126 ibunt,
366 1087 455 1116 non
489 1071 533 1116 in
555 1072 794 1133 ingenium.
829 1070 1119 1116 Affentiamur
1148 1069 1228 1116 illis
1252 1069 1466 1126 fideliter,

182 1153 222 1185 et
240 1140 383 1187 nostra
402 1141 637 1198 faciamus,
661 1154 706 1188 ut
726 1159 861 1188 unum
890 1142 1097 1200 quiddam
1121 1140 1195 1188 fiat
1219 1159 1273 1189 ex
1296 1143 1465 1191 multis:

181 1210 286 1256 ficut
310 1228 421 1258 unus
439 1229 644 1258 numerus
667 1211 715 1258 fit
734 1229 790 1258 ex
807 1202 978 1275 singulis
994 1249 1006 1269 ,
1027 1229 1125 1259 cum
1147 1213 1338 1260 minores
1355 1215 1467 1260 {iim-

181 1299 273 1328 mas
312 1298 354 1329 et
394 1283 640 1331 diffidentes
676 1284 950 1345 computatio
992 1298 1076 1329 una
1111 1285 1464 1346 comprehendit.

181 1357 283 1401 Hoc
314 1354 442 1402 faciat
471 1356 642 1403 animus
671 1355 844 1413 noster,
875 1356 1023 1402 omnia
1056 1357 1213 1420 quihus
1248 1357 1309 1404 est
1339 1359 1463 1405 adiu-

180 1443 278 1482 tus,
302 1428 537 1475 abscondat
559 1447 568 1474 :
598 1429 738 1491 ipsum
770 1441 935 1474 tanturn
962 1429 1185 1486 ostendat,
1213 1431 1333 1492 quod
1354 1430 1461 1478 effe-

179 1499 252 1546 cit.
291 1499 465 1546 Etiamsi
502 1500 682 1548 alicuius
715 1501 758 1547 in
798 1514 839 1548 te
878 1503 1152 1563 comparebit
1189 1502 1460 1561 similitudo,

178 1588 309 1634 quem
343 1572 573 1618 admiratio
606 1573 685 1619 tibi
717 1573 838 1619 altius
867 1572 1011 1620 fixerit
1041 1591 1051 1620 :
1088 1573 1266 1620 fimilem
1298 1575 1383 1622 esse
1417 1589 1459 1625 te

177 1643 288 1688 volo
325 1644 557 1706 quomodo
598 1642 768 1701 filium,
810 1660 901 1689 non
937 1645 1173 1707 quomodo
1209 1645 1460 1707 imaginem.

169 1710 328 1778 'Imago
346 1751 360 1773 ‚
380 1733 446 1763 res
468 1728 641 1763 mortua
668 1717 739 1765 est.
771 1717 891 1775 Quid
917 1733 1023 1780 ergo
1044 1717 1060 1763 ?
1088 1733 1177 1762 non
1197 1716 1459 1781 intelligetur

176 1785 302 1833 cuius
330 1786 512 1833 imiteris
537 1788 815 1834 orationem?
846 1787 968 1834 cuius
999 1789 1456 1849 argumentationem?

175 1860 299 1907 cuius
315 1860 571 1908 sententias?
604 1863 716 1907 Puto
736 1862 970 1924 aliquando
992 1879 1044 1907 ne
1069 1861 1248 1924 intelligi
1277 1864 1456 1925 quidem

174 1932 327 1994 poffe,
360 1933 389 1979 fi
422 1934 566 1996 magni
599 1934 694 1980 viri.
726 1951 807 1981 nec
842 1933 958 1980 enim
987 1935 1220 1992 omnibus,
1256 1953 1368 1998 quae
1401 1954 1457 1984 ex

176 2020 356 2067 quoque
386 2005 509 2052 velut
536 2005 798 2067 exemplaria
827 2005 976 2061 traxit,
1015 2006 1202 2051 formam
1232 2006 1347 2054 suam
1374 2008 1458 2055 im-

174 2077 351 2139 preffit‚
380 2091 429 2125 ut
453 2078 497 2125 in
525 2079 732 2126 unitatem
754 2080 869 2126 illam
902 2093 1169 2141 competant.
1195 2081 1301 2126 Non
1330 2081 1456 2129 vides

173 2166 304 2211 quam
340 2151 582 2198 multorum
612 2152 797 2199 vocibus
820 2152 982 2198 chorus
1015 2151 1218 2199 constet?
1253 2170 1366 2201 unus
1390 2168 1455 2201 ta-

173 2238 275 2267 men
296 2239 347 2269 ex
365 2223 570 2270 omnibus
589 2224 716 2271 sonus
737 2225 941 2271 redditur.
966 2225 1108 2287 aliqua
1128 2225 1218 2272 illic
1238 2238 1359 2272 acuta
1378 2227 1456 2286 est,

172 2292 313 2356 aliqua
334 2296 476 2358 gravis
491 2331 504 2353 ‚
530 2296 671 2359 aliqua
696 2297 858 2343 media.
882 2298 1093 2343 accedunt
1110 2297 1216 2343 viris
1236 2295 1424 2345 feminae
1441 2332 1457 2356 ,

173 2365 515 2429 interponuntur
541 2369 670 2417 tibiae
692 2387 701 2416 ε
723 2370 988 2432 singulorum
1016 2370 1106 2417 illic
1134 2371 1264 2416 latent
1288 2361 1453 2429 voces.

174 2440 375 2488 omnium
408 2454 629 2505 apparent.
661 2443 733 2490 De
768 2443 909 2490 choro
941 2441 1044 2491 dico
1059 2478 1076 2501 ,
1114 2459 1244 2509 quem
1281 2459 1452 2492 veteres

1086 2517 1130 2562 V
1165 2531 1195 2574 4
