1797 2956
314 190 403 235 170
551 178 600 224 L.
643 177 942 223 ANNAEI
991 176 1343 223 SENECAE

304 290 404 336 dam
439 291 685 353 corporalia
711 290 826 348 esse,
866 291 1080 354 quaedam
1110 292 1416 355 incorporalia.
1464 293 1585 355 Quid

303 377 413 425 ergo
440 362 521 408 erit
552 378 604 407 ex
629 378 720 425 quo
747 363 851 409 haec
876 363 1165 412 diducantur?
1195 366 1299 412 illud
1325 368 1395 413 cui
1424 384 1587 414 nomen

303 436 444 481 modo
473 451 624 497 parum
654 434 885 496 proprium
912 435 1229 497 imposuimus,
1259 441 1397 499 Quod
1426 440 1587 487 est.Sic

305 505 422 551 enim
456 506 498 550 in
521 505 681 567 species
713 505 953 563 secabitur,
986 519 1032 552 ut
1063 508 1290 556 dicamus:
1324 511 1462 571 Quod
1494 511 1587 570 est,

305 592 378 625 aut
405 579 637 639 corporale
665 578 746 636 est,
777 592 850 625 aut
879 579 1172 643 incorporale.
1199 585 1301 630 Hoc
1320 601 1426 647 ergo
1447 601 1585 647 genus

305 651 368 697 est
399 651 589 713 primum
623 665 665 698 et
689 651 1032 714 antiquissimum
1048 690 1060 709 ‚
1082 667 1140 711 et,
1172 670 1218 702 ut
1241 657 1298 704 ita
1320 657 1460 704 dicam
1476 694 1489 714 ‚
1519 675 1587 721 ge·

304 724 448 770 nerale
482 741 493 769 ε
527 735 666 771 cetera
698 740 858 787 genera
889 723 1064 787 quidem
1100 727 1222 783 sunt,
1255 729 1326 774 sed
1359 728 1586 790 specialia,

302 812 511 861 tanquam
543 798 684 844 homo
717 815 854 862 genus
884 799 957 848 est.
1001 801 1142 848 Habet
1164 793 1282 848 enim
1308 802 1350 847 in
1378 801 1418 849 se
1445 802 1586 847 natio-

304 889 411 918 num
444 872 606 935 species
622 908 636 929 ,
667 874 865 921 Graecos
881 910 894 931 ‚
912 876 1156 922 'Romanos
1176 911 1190 933 ,
1222 875 1404 921 Parthos
1414 892 1429 931 3
1462 875 1588 921 colo-

303 964 403 1007 rum
421 983 434 1005 ‚
465 947 614 1005 albos,
650 947 821 1010 nigr05‚
853 947 995 995 flavos
1018 966 1029 995 ε
1055 949 1181 996 habet
1207 949 1393 1013 singulos
1409 985 1422 1006 ,
1452 951 1589 995 Cato-

304 1037 404 1068 nem
420 1055 433 1077 ‚
453 1019 740 1077 Ciceronem,
759 1021 1026 1069 Lucretium.
1048 1025 1197 1086 ltaque
1216 1039 1303 1085 qua
1323 1022 1460 1069 multa
1478 1038 1588 1070 con-

302 1095 438 1149 tinet,
463 1093 508 1140 in
533 1110 669 1157 genus
699 1094 814 1141 cadit
842 1114 852 1141 ε
882 1111 967 1158 qua
996 1096 1069 1142 sub
1099 1096 1185 1142 alio
1205 1096 1287 1154 est,
1311 1099 1355 1142 in
1385 1097 1588 1159 speciem.
1658 1140 1661 1142 .

303 1167 416 1213 Illud
447 1183 608 1230 genus,
632 1168 771 1226 Quod
798 1167 886 1226 est,
907 1168 1129 1231 generale,
1161 1169 1284 1230 supra
1311 1170 1352 1214 se
1377 1168 1485 1214 nihil
1511 1170 1589 1214 ha-

304 1240 392 1287 bet.
424 1240 602 1301 Initium
636 1256 784 1286 rerum
812 1240 902 1287 est:
927 1241 1076 1286 omnia
1109 1243 1182 1287 sub
1207 1242 1283 1287 illo
1310 1242 1418 1288 sunt.
1452 1242 1589 1289 Stoici

304 1315 463 1362 volunt
499 1312 793 1375 superponere
831 1312 932 1359 huic
968 1313 1099 1359 etiam
1135 1313 1254 1359 aliud
1280 1330 1414 1375 genus
1442 1315 1589 1376 ‘magis

303 1386 542 1450 principale
567 1403 578 1430 ε
608 1384 661 1430 de
690 1402 780 1446 quo
803 1383 944 1431 statim
977 1384 1148 1442 dicam,
1181 1384 1211 1429 fi
1241 1385 1358 1446 prius
1385 1385 1490 1431 illud
1513 1403 1588 1447 ge-

304 1474 410 1515 nus,
438 1458 493 1503 de
522 1471 614 1519 quo
643 1455 815 1502 locutus
838 1456 929 1501 sum
946 1491 957 1513 ,
978 1456 1139 1503 merito
1161 1456 1353 1518 primum
1377 1457 1485 1518 poni
1506 1458 1588 1502 do-

305 1546 475 1587 cuer0‚
503 1547 603 1577 cum
638 1529 688 1575 fit
720 1546 865 1576 rerum
900 1530 1101 1576 omnium
1138 1547 1289 1592 capax.
1329 1530 1470 1590 Quod
1502 1530 1588 1588 est,

304 1604 350 1650 in
370 1603 446 1649 has
473 1602 635 1664 species
661 1602 817 1650 divido
834 1638 848 1661 ‚
867 1613 914 1649 ut
945 1603 1022 1649 fint
1049 1603 1324 1664 corporalia,
1343 1614 1414 1648 aut
1439 1603 1590 1649 incor-

304 1674 483 1740 poralia.
527 1675 648 1721 Nihil
679 1675 854 1721 tertium
881 1674 954 1722 est.
996 1676 1173 1736 Corpus
1199 1676 1433 1738 quomodo
1467 1674 1587 1720 divi-

306 1749 406 1797 do?
443 1761 490 1795 ut
519 1748 691 1804 dicam3
727 1760 800 1794 aut
824 1748 1056 1794 animantia
1089 1747 1184 1793 sunt
1201 1782 1214 1804 ‚
1241 1762 1316 1793 aut
1340 1747 1585 1792 inaniman-

305 1823 376 1868 tia.
397 1819 560 1867 Rursus
581 1820 814 1866 animantia
834 1819 1212 1883 quemadmodum
1242 1818 1433 1866 divido?
1455 1831 1502 1864 ut
1524 1818 1589 1864 di-

305 1908 431 1947 cam,
468 1891 682 1954 quaedam
716 1892 913 1939 animum
945 1891 1133 1945 habent,
1169 1891 1381 1953 quaedam
1418 1904 1589 1936 tantum

306 1967 511 2013 animam.
544 1977 615 2012 aut
643 1964 701 2012 fic
739 1983 749 2011 :
789 1965 1004 2028 quaedam
1044 1963 1257 2025 impetum
1291 1963 1480 2018 habent,
1517 1962 1587 2007 in-

309 2040 495 2096 cedunt,
529 2037 746 2084 transeunt
773 2055 783 2084 :
814 2038 1026 2100 quaedam
1057 2036 1153 2082 solo
1181 2036 1332 2092 affixa,
1371 2036 1588 2082 radicibus

308 2113 479 2159 aluntur
503 2123 545 2158 et
571 2110 786 2158 crescunt.
807 2109 971 2156 Rursus
1002 2109 1201 2155 animalia
1235 2109 1279 2154 in
1299 2124 1406 2170 quas
1426 2107 1587 2171 speeies

309 2184 450 2232 seco?
482 2198 554 2230 aut
580 2183 781 2230 mortaiia
814 2182 936 2239 sunt,
967 2195 1037 2227 aut
1064 2181 1344 2227 immortalia.
1395 2180 1587 2226 Primum

308 2273 444 2322 genus
472 2256 631 2304 Stoicis
654 2256 917 2319 quibusdam
945 2254 1145 2308 videtur,
1173 2253 1297 2313 Quid
1325 2271 1336 2298 ε
1364 2252 1434 2299 sed
1457 2267 1588 2315 quare

311 2331 545 2385 videatur,
579 2329 818 2376 subiiciam.
851 2331 899 2374 In
930 2344 1075 2375 rerum
1118 2324 1403 2391 (inquiunt)
1436 2338 1588 2370 natura

311 2403 523 2468 quaedam
555 2402 674 2460 sunt,
703 2401 917 2465 quaedam
947 2416 1039 2446 non
1068 2399 1178 2446 sunt.
1224 2401 1277 2444 Et
1310 2398 1418 2443 haec
1444 2410 1588 2442 autem

310 2492 424 2539 quae
458 2490 550 2522 non
586 2475 714 2533 sunt,
747 2490 891 2522 rerum
922 2486 1074 2520 natura
1108 2468 1447 2532 compieffitur‚
1484 2481 1590 2529 quae
