1807 3004
524 209 1121 255 EPISTULAE.
1374 227 1457 271 πῶς

185 315 295 373 erit,
320 314 448 361 etiam
472 313 501 360 fi
531 313 708 361 fortuna
734 314 891 378 dispari
923 327 1079 362 utetur.
1107 315 1226 361 Idem
1251 314 1321 379 (ut
1342 315 1463 379 dixi)

185 388 232 434 in
267 388 394 435 rebus
423 386 630 433 iudicium
663 387 754 446 est,
787 388 908 449 quod
942 388 988 433 in
1025 387 1290 435 hominibus.
1329 405 1465 451 aeque

185 460 408 507 laudabilis
437 459 497 506 est
528 459 664 506 virtus
690 460 735 505 in
765 476 954 523 corpore
978 460 1126 507 valido
1154 477 1203 506 ac
1227 460 1365 507 libero
1385 478 1467 522 po-

184 534 288 592 fita,
317 549 446 595 quam
485 532 530 578 in
563 533 774 579 morbido
806 550 854 579 ac
889 533 1056 580 vinclo.
1102 536 1218 595 Ergo
1251 546 1321 578 tua
1348 549 1466 596 quo-

184 622 269 668 que
295 604 434 651 virtus
465 621 555 652 non
580 605 715 668 magis
740 606 962 652 laudabilis
979 640 993 664 ,
1023 605 1067 650 fi'
1084 623 1245 669 corpus
1277 607 1465 654 illaesum

184 678 264 724 tibi
284 690 327 724 et
352 677 570 742 integrum
598 678 778 726 fortuna
805 680 1083 742 praestiterit,
1105 698 1233 744 quam
1257 679 1286 726 fi
1311 698 1366 727 ex
1384 681 1464 727 ali·-

182 767 269 815 qua
302 765 421 815 parte
456 752 719 799 mutilatum.
753 753 919 816 alioqui
957 753 1043 801 hoc
1080 754 1186 812 erit,
1224 771 1278 801 ex
1312 754 1466 802 servo-

182 841 280 872 rum
325 827 473 874 habitu
497 828 725 874 dominum
753 827 991 875 aestimare.
1028 829 1193 875 Omnia
1224 831 1341 875 enim
1367 828 1467 888 ista,

182 899 227 945 in
251 916 362 964 quae
381 901 628 948 dominium
648 902 766 948 casus
785 916 984 959 exercet,
1006 901 1173 949 servilia
1194 901 1315 957 sunt,
1337 918 1469 964 pecu-

183 971 253 1016 nia
269 1007 281 1028 ,
309 983 352 1018 et
371 989 558 1034 corpus,
582 984 625 1019 et
649 973 843 1019 honores
866 990 876 1019 t
905 972 1147 1030 imbecilla,
1170 971 1326 1029 fluida,
1349 988 1469 1017 mor-

185 1043 313 1100 talia,
349 1044 621 1106 poffeffionis
657 1045 860 1092 incertae.
897 1045 969 1090 Illa
998 1045 1141 1090 rursus
1168 1044 1300 1090 libera
1323 1057 1366 1091 et
1397 1044 1468 1090 in-

187 1114 299 1161 vi&a
323 1131 459 1178 opera
487 1115 686 1163 virtutis:
711 1133 823 1180 quae
846 1132 939 1163 non
967 1115 1070 1162 ideo
1093 1115 1232 1179 magis
1258 1131 1469 1178 appeten-

191 1188 244 1234 da
267 1187 388 1246 sunt,
419 1190 449 1235 fi
475 1189 703 1252 benignius
727 1206 751 1237 a
776 1190 953 1236 fortuna
982 1189 1248 1243 trafilantum
1273 1205 1354 1234 nec
1384 1188 1470 1233 mi·

182 1278 262 1308 nus
282 1293 296 1316 ‚
325 1261 354 1306 fi
387 1261 532 1324 aliqua
562 1279 708 1308 rerum
741 1262 968 1325 iniquitate
1006 1271 1277 1324 premuntur.
1324 1259 1467 1319 Quod

188 1334 376 1382 amicitia
393 1334 437 1381 in
458 1334 712 1383 hominibus
732 1334 793 1382 est
808 1372 821 1394 ‚
843 1335 930 1382 hoc
950 1334 994 1381 in
1013 1334 1141 1381 rebus
1163 1333 1378 1396 appetitio
1396 1332 1470 1379 est.

191 1409 325 1464 Non,
360 1423 498 1470 pum,
531 1408 666 1471 magis
695 1424 860 1455 amares
892 1407 1038 1453 virum
1069 1407 1236 1452 bonum
1270 1405 1469 1467 locuple-

184 1491 294 1536 tem,
319 1496 448 1544 quam
475 1496 713 1542 pauperem
736 1497 746 1525 ε
769 1495 849 1525 nec
874 1477 1102 1525 robustum
1128 1491 1170 1524 et
1190 1477 1469 1536 lacertosum,

182 1569 314 1614 quam
353 1551 557 1616 gracilem
573 1587 587 1610 ‚
619 1564 662 1599 et
680 1550 874 1615 languidi
902 1549 1106 1612 corporis
1127 1567 1140 1597 ε
1163 1566 1269 1614 ergo
1290 1566 1343 1596 ne
1372 1566 1467 1596 rem

183 1624 364 1687 quidem
394 1624 527 1687 magis
559 1638 738 1686 appetes
773 1623 955 1669 hilarem
986 1638 1036 1670 ac
1068 1633 1290 1684 pacatam,
1334 1638 1469 1684 quam

179 1697 418 1744 distractam
447 1711 490 1746 et
515 1697 762 1761 operosam.
814 1700 866 1744 Et
889 1696 920 1743 fi
943 1697 1032 1744 hoc
1048 1696 1134 1754 est,
1161 1696 1298 1759 magis
1320 1696 1471 1760 diliges

182 1788 237 1818 ex
265 1771 436 1818 duobus
466 1787 603 1830 aeque
631 1770 760 1818 bonis
794 1770 932 1828 viris,
963 1768 1150 1816 nitidum
1180 1779 1223 1814 et
1252 1769 1429 1815 unfium
1452 1804 1468 1827 ,

183 1858 314 1905 quam
349 1843 705 1905 pulverulentum
733 1857 776 1890 et
811 1843 1080 1889 horrentem.
1113 1839 1270 1887 deinde
1297 1840 1465 1887 hucus-

186 1933 270 1978 que
292 1914 552 1978 pervenie83
586 1932 634 1964 ut
663 1917 802 1980 magis
836 1916 988 1978 diligas
1013 1914 1230 1977 integrum
1261 1913 1468 1962 omnibus

185 1987 393 2034 membris
412 1999 455 2035 et
478 1987 668 2035 illaesum
691 2005 824 2051 quam
843 1987 1030 2035 debilem
1060 1998 1133 2032 aut
1151 1986 1330 2033 luscum.
1359 1987 1468 2033 Pau-

184 2060 304 2106 latim
322 2060 541 2108 fastidium
562 2074 685 2108 tuum
709 2062 786 2109 illo
805 2063 939 2126 usque
959 2061 1199 2124 procedet,
1218 2074 1269 2107 ut
1286 2077 1339 2108 ex
1359 2060 1467 2107 duo-

185 2133 265 2180 bus
293 2151 431 2197 aeque
465 2134 581 2181 iustis
610 2152 660 2183 ac
692 2137 1003 2199 prudentibus,
1036 2146 1257 2181 comatum
1285 2147 1329 2182 et
1358 2133 1465 2182 cris-

186 2205 342 2268 pulum
374 2205 524 2264 malis,
558 2224 687 2271 quam
721 2207 1045 2255 recalvastrum.
1093 2206 1185 2253 Ubi
1217 2223 1295 2270 par
1327 2206 1388 2253 est
1418 2207 1464 2252 in

187 2288 378 2340 utroque
406 2277 545 2325 virtus
566 2310 579 2330 ‚
615 2296 705 2326 non
741 2293 970 2342 comparet
1001 2280 1183 2326 aliarum
1216 2295 1362 2325 rerum
1393 2278 1467 2325 in-

187 2348 453 2412 aequalitas:
482 2351 631 2398 omnia
660 2354 774 2398 enim
803 2353 883 2399 alia
916 2370 1005 2399 non
1030 2365 1200 2415 partes,
1230 2352 1300 2397 sed
1326 2350 1467 2398 acces-

188 2420 329 2470 siones
355 2422 463 2470 sunt.
495 2426 609 2471 Nam
637 2427 732 2489 quis
760 2439 848 2473 tam
877 2426 1071 2489 iniquam
1099 2426 1325 2473 censuram
1353 2424 1466 2471 inter

189 2495 289 2543 suos
315 2497 425 2561 agit,
449 2514 496 2546 ut
522 2498 663 2546 filium
690 2499 841 2547 sanum
869 2517 1000 2564 quam
1031 2516 1209 2565 aegrum
1237 2498 1373 2563 magis
1401 2497 1467 2546 die
