1807 3004
543 199 1115 246 EPISTOLAE.
1377 201 1470 261 267

190 306 413 354 insanabili
442 320 674 370 correptus
692 343 705 363 ,
729 307 802 353 sed
831 307 967 370 longo
986 321 1029 352 et
1053 303 1241 353 molesto
1273 316 1314 351 et
1335 308 1469 353 multa

189 381 456 443 imperante,
482 381 631 442 coepit
663 380 899 426 deliberare
930 382 983 425 de
1010 392 1166 426 morte.
1201 381 1472 427 convocavit

190 455 439 516 complures
472 453 661 507 amicos,
702 453 1021 516 unusquisque,
1054 468 1128 500 aut
1161 452 1262 515 quia
1292 453 1472 499 timidus

188 539 305 582 erat,
330 525 374 571 id
402 525 462 570 illi
493 524 723 580 suadebat,
761 526 885 589 quod
912 526 989 571 fibi
1017 525 1228 572 suasiffet:
1265 538 1336 570 aut
1367 525 1470 587 quia

186 600 385 644 adulator
411 611 452 645 et
477 599 683 657 blandus,
704 601 749 645 id
777 599 1004 646 confilium
1034 600 1187 656 dabat,
1217 599 1337 661 quod
1359 600 1469 645 deli-

185 667 356 719 beranti
376 672 534 734 gratius
551 671 646 718 fore
664 673 970 735 suspicabatur.
991 670 1166 717 Amicus
1187 669 1332 717 noster
1349 670 1469 716 Stoi-

184 763 285 804 cus,
313 747 454 793 homo
475 747 670 810 egregius
686 782 698 802 ,
722 758 793 801 et,
825 758 870 791 ut
890 745 1034 792 verbis
1060 746 1183 791 illum
1202 745 1358 808 quibus
1377 746 1472 791 lau-'

183 818 277 863 dari
300 818 458 881 dignus
485 818 569 875 est,
595 818 795 875 laudem,
820 818 891 863 vir
917 817 1042 863 fortis
1068 833 1118 863 ac
1142 816 1337 864 strenuus
1354 853 1366 872 ,
1392 818 1468 864 vi·-

181 891 306 936 detur
332 891 437 936 mihi
452 891 621 951 optime
638 891 756 937 illum
780 891 1051 937 cohortatus.
1072 892 1139 937 Sic
1154 890 1270 938 enim
1294 893 1467 953 coepit:

181 963 315 1020 Noli,
337 963 397 1008 mi
415 963 690 1019 Marcelline,
705 963 929 1026 torqueri,
947 979 1152 1026 tanquam
1175 964 1228 1010 (le
1245 980 1291 1009 re
1311 981 1464 1025 magna

182 1035 404 1081 deliberes.
439 1035 545 1080 Non
577 1035 636 1081 est
662 1051 730 1081 res
761 1051 938 1097 magna,
964 1035 1134 1082 vivere.
1170 1051 1326 1082 omnes
1352 1036 1466 1083 servi

178 1107 240 1152 tui
272 1107 460 1161 vivunt,
495 1107 644 1152 omnia
680 1107 894 1153 animalia.
922 1100 1124 1170 magnum
1159 1107 1247 1163 est,
1283 1110 1464 1157 honeste

177 1178 294 1225 mori
308 1215 322 1235 ‚
346 1180 608 1241 prudenter,
623 1179 808 1227 fortiter.
829 1181 992 1243 Cogita
1013 1182 1221 1243 quamdiu
1239 1182 1324 1227 iam
1347 1182 1464 1230 idern

174 1250 318 1298 facias.
344 1250 507 1308 Cibus,
543 1250 749 1309 somnus,
781 1253 922 1298 libido
948 1271 958 1299 ε
993 1271 1070 1316 per
1098 1254 1214 1300 hunc
1249 1255 1461 1303 circulum

176 1325 377 1371 curritur.
407 1324 527 1371 Mori
559 1324 671 1371 velle
700 1341 792 1370 non
818 1338 980 1370 tantum
1015 1328 1203 1387 prudens
1225 1342 1268 1373 et
1297 1327 1425 1375 fortis
1445 1366 1460 1387 ‚

175 1409 247 1442 aut
265 1397 416 1452 miser,
440 1397 510 1442 sed
529 1397 657 1444 etiam
675 1396 921 1444 fastidiosus
939 1399 1090 1460 potest.
1111 1400 1217 1445 Non
1237 1417 1349 1462 opus
1369 1415 1460 1449 erat

174 1469 345 1516 suasore
365 1469 454 1527 illi,
480 1470 549 1516 sed
572 1470 784 1516 adiutore.
805 1470 918 1516 servi
939 1488 1091 1533 parere
1111 1472 1333 1521 nolebant.
1361 1476 1458 1520 Prt-

172 1560 294 1589 mum
319 1544 504 1591 detraxit
530 1543 611 1589 illis
636 1556 826 1600 metum,
854 1556 897 1590 et
930 1545 1168 1601 indicavit,
1199 1559 1303 1592 tunc
1330 1547 1457 1594 fami-

172 1617 275 1662 liam
301 1617 542 1679 periculum
565 1617 706 1672 adire,
743 1635 842 1663 cum
862 1617 1080 1668 incertum
1104 1619 1234 1676 estet,
1260 1638 1313 1665 an
1337 1639 1458 1670 mors

167 1689 340 1735 domini
361 1690 608 1735 voluntaria
636 1689 782 1736 fuisset
805 1709 815 1736 ε
840 1690 1035 1753 alioquin
1059 1704 1144 1737 tam
1171 1694 1273 1739 massi
1303 1711 1456 1741 exem-

170 1762 227 1824 pli
246 1760 329 1807 effe
348 1761 555 1808 occidere
573 1761 799 1808 hominem
814 1798 828 1819 ‚
853 1779 983 1824 quam
1007 1763 1258 1824 prohibere.
1276 1765 1455 1812 Deinde

168 1833 308 1895 ipsum
330 1834 632 1890 Marcellinum
653 1834 881 1880 admonuit
895 1870 907 1891 ‚
927 1852 1019 1880 non
1043 1835 1128 1880 effe
1147 1835 1453 1896 inhumanum,

165 1908 540 1968 quemadmodum
563 1924 702 1954 coena
730 1908 901 1969 pera&a
932 1908 1138 1970 reliquiae
1163 1909 1452 1957 circumstan-

165 1979 284 2026 tibus
304 1981 585 2037 dividuntur,
607 1980 663 2026 fic
681 1981 851 2042 perafta
869 1979 956 2026 vita
983 1980 1142 2043 aliquid
1166 1982 1331 2044 porrigi
1350 1984 1414 2030 his
1434 2020 1451 2043 ,

166 2053 242 2115 qui
261 2053 397 2100 totius
417 2052 533 2100 vitae
554 2052 735 2098 ministri
753 2052 938 2099 fuissent.
962 2055 1065 2099 Erat
1086 2054 1364 2101 Marcellinus
1383 2054 1450 2101 fa-

163 2125 256 2171 cilis
279 2125 435 2183 animi,
455 2137 497 2171 et
519 2125 728 2182 liberalis,
756 2126 885 2172 etiam
905 2143 1006 2173 cum
1028 2127 1082 2172 de
1102 2126 1181 2173 suo
1201 2126 1339 2175 fieret.
1357 2128 1447 2175 Mi-

161 2210 286 2243 nutas
310 2198 455 2261 itaque
485 2199 720 2245 summulas
741 2197 954 2245 distribuit
974 2199 1177 2245 flentibus
1200 2199 1336 2247 servis
1353 2235 1366 2256 ,
1403 2213 1448 2248 et

161 2270 260 2317 illos
286 2271 401 2317 ultro
432 2271 679 2318 consolatus
710 2270 784 2316 est.
818 2273 925 2317 Non
948 2270 1031 2317 fuit
1060 2272 1121 2317 illi
1147 2289 1261 2335 opus
1292 2273 1409 2319 ferro
1428 2310 1446 2332 ‚

161 2359 254 2388 non
277 2343 512 2406 sanguine:
540 2343 687 2389 triduo
706 2343 938 2399 abstinuit,
970 2358 1014 2390 et
1042 2344 1084 2390 in
1108 2345 1203 2408 ipso
1233 2347 1443 2393 cubiculo

160 2414 267 2475 poni
286 2416 608 2461 tabernaculum
629 2417 754 2463 iuffit.
784 2417 948 2462 Solium
977 2417 1133 2464 deinde
1162 2418 1326 2465 illatum
1352 2419 1440 2476 est,

157 2487 204 2533 in
223 2503 314 2551 quo
342 2488 420 2535 diu
438 2488 592 2545 iacuit,
618 2502 660 2536 et
681 2489 818 2536 calida
836 2488 1015 2537 subinde
1032 2489 1209 2549 suffusa,
1232 2490 1438 2553 paulatim
