1807 3004
476 183 1072 228 EPISTULA&
1325 195 1409 241 ¹37

140 306 249 353 quae
270 305 350 336 nos
368 304 520 335 omnes
545 288 750 335 omnibus
776 288 954 344 miscet,
980 297 1024 333 et
1047 284 1207 332 iudIcat
1233 284 1412 348 aliquod

139 363 226 410 esse
247 379 484 409 commune
513 363 579 408 ius
603 363 771 426 generis
794 362 986 407 humani.
1018 359 1252 422 plurimum
1276 360 1329 403 ad
1357 359 1412 403 il-

140 436 224 481 lam
249 450 428 496 quoque
453 433 546 497 (de
570 451 658 496 qua
677 430 924 497 loquebar)
950 432 1202 479 interiorem
1229 430 1415 476 societa-

139 523 228 554 tem
256 506 469 553 amicitiae
498 509 728 554 colendam
760 506 948 570 proficit.
978 506 1146 552 Omnia
1170 503 1285 550 enim
1312 519 1415 548 cum

141 580 285 627 amico
317 581 572 627 communia
598 580 796 637 habebit,
825 580 900 643 qui
928 581 1065 625 multa
1090 594 1189 624 cum
1220 575 1419 622 homine.

142 652 268 708 Hoc,
288 653 427 698 Lucili
445 653 646 699 virorum
667 651 858 714 optime,
880 651 991 697 mihi
1009 652 1064 696 ab
1089 649 1174 696 istis
1195 647 1418 695 subtilibus

141 724 333 785 praecipi
357 724 502 779 malo,
533 724 637 786 quid
656 723 802 769 amico
830 723 1042 786 praestare
1069 722 1248 769 debeam
1265 756 1279 777 ,
1308 719 1417 782 quid

140 796 312 842 homini
326 831 338 850 ,
353 814 486 858 *quam
506 809 617 859 quot
637 796 780 844 modis
802 797 978 844 Amicus
995 797 1186 852 dicatur,
1203 807 1245 841 et
1262 794 1418 840 Homo

142 885 274 930 quam
296 870 429 914 multa
451 868 674 932 significet.
706 872 752 915 ln
773 870 996 916 diversum
1021 885 1124 916 ecce
1153 866 1356 929 sapientia
1376 880 1419 911 et

141 943 315 990 stultitia
343 944 582 991 discedunt.
602 944 676 990 cui
696 943 897 991 accedo?
920 944 963 990 in
988 956 1131 990 utram
1159 942 1222 988 ire
1249 952 1418 1003 partem

139 1016 290 1064 iubes?
311 1017 374 1062 llli
392 1017 533 1063 homo
553 1033 636 1079 pro
655 1018 801 1064 amico
821 1017 904 1074 est,
932 1018 1036 1064 huic
1052 1016 1219 1063 amicus
1242 1031 1332 1060 non
1357 1014 1420 1060 est

142 1106 226 1153 pro
255 1089 434 1137 homine
457 1108 468 1137 τ
494 1090 566 1136 ille
594 1085 786 1138 amicum
807 1091 885 1137 fibi
917 1106 1060 1154 parat,
1087 1090 1157 1136 hic
1190 1088 1232 1136 se
1262 1088 1421 1134 amico.

142 1164 215 1209 Tu
238 1162 346 1209 mihi
369 1162 505 1209 verba
524 1162 766 1228 distorques
784 1200 799 1221 ‚
835 1177 879 1211 et
897 1164 1082 1228 syllabas
1101 1161 1272 1227 digeris.
1299 1160 1423 1207 Scili=²

141 1249 210 1281 cet
229 1235 307 1282 nisi
326 1235 686 1299 interrogationes
708 1236 961 1284 vaferrimas
994 1236 1217 1293 struxere,
1241 1247 1284 1282 et
1309 1251 1423 1282 con—

144 1309 339 1356 clusione
365 1309 464 1355 falsa
489 1326 513 1355 a
536 1326 648 1356 vero
678 1308 854 1355 nascens
884 1308 1161 1356 mendacium
1186 1307 1422 1354 adstrinxe-

144 1396 220 1435 ro,
256 1395 347 1426 non
375 1393 535 1442 potero
566 1398 590 1426 a
615 1379 829 1443 fugiendis
859 1380 1043 1442 petenda
1070 1379 1303 1427 secernere.
1332 1380 1420 1424 Pu-

144 1453 219 1499 det
242 1469 325 1499 me.
353 1452 397 1497 in
425 1469 472 1499 re
506 1465 593 1499 tam
624 1451 728 1497 seria
752 1450 872 1498 senes
899 1451 1101 1498 ludimus.
1127 1453 1228 1497 Mus
1259 1449 1421 1514 syllaba

144 1525 231 1572 est:
258 1542 354 1573 mus
383 1538 524 1572 autem
554 1526 723 1574 caseum
752 1525 900 1571 rodit:
929 1524 1092 1587 syllaba
1119 1540 1230 1588 ergo
1249 1524 1420 1588 caseum

143 1600 276 1647 rodit.
300 1600 539 1647 Putajnunc
567 1614 637 1645 me
668 1597 778 1644 istud
808 1614 898 1643 non
927 1598 1051 1661 posse
1075 1598 1275 1645 solvere:
1298 1599 1421 1663 quod

144 1673 252 1719 mihi
275 1691 330 1719 ex
349 1673 423 1719 ista
442 1672 648 1720 sententia
677 1671 921 1734 periculum
938 1671 1170 1719 imminet?
1203 1674 1325 1735 quod
1352 1673 1422 1718 in-

146 1747 467 1793 commodum?
500 1748 599 1794 Sine
617 1745 755 1793 dubio
773 1746 1018 1793 verendum
1043 1745 1132 1804 est,
1161 1762 1216 1793 ne
1240 1745 1435 1809 quandov

145 1817 190 1865 in
208 1819 442 1882 muscipula
463 1820 645 1883 syllabas
671 1818 836 1882 capiam
851 1854 864 1876 ‚
884 1829 957 1865 aut
979 1835 1033 1866 ne
1059 1819 1261 1883 quando,
1291 1817 1321 1862 fi
1341 1835 1419 1864 ne·-

144 1890 376 1953 gligentior
403 1889 531 1936 fuero
549 1926 563 1949 ,
596 1892 767 1939 caseum
794 1891 901 1937 liber
935 1892 1151 1939 comedat.
1179 1888 1268 1936 Nifi
1305 1888 1421 1935 sorte

145 1961 317 2009 acutior
349 1962 409 2008 est
438 1963 507 2009 illa
527 1963 737 2010 'collefflo
767 1979 778 2008 ε
808 1964 909 2009 Mus
938 1963 1097 2025 syllaba
1126 1963 1186 2009 est
1213 1980 1224 2008 :
1258 1961 1418 2025 syllaba

147 2048 290 2082 autem
317 2035 483 2081 caseum
516 2051 606 2082 non
629 2036 771 2083 rodit:
800 2052 894 2082 mus
917 2052 1022 2099 ergo
1044 2034 1211 2082 caseum
1232 2051 1320 2081 non
1341 2051 1417 2082 ro-

146 2107 222 2154 dit.
253 2109 298 2152 O
324 2108 510 2169 pueriles
539 2108 752 2171 ineptias!
774 2108 819 2154 in
846 2109 934 2154 hoc
964 2107 1189 2171 supercilia
1216 2108 1419 2155 subduxi·-

146 2179 269 2226 mus?
297 2180 343 2225 in
360 2180 447 2226 hoc
469 2181 646 2228 barbam
676 2179 955 2228 demisimus?
985 2181 1072 2227 hoc
1099 2179 1161 2228 est
1184 2180 1307 2243 quod
1336 2179 1420 2226 tri-

147 2251 227 2311 stes
247 2253 458 2301 docemus
484 2267 528 2301 et
550 2255 720 2317 pallidi?
747 2255 826 2302 Vis
849 2254 984 2312 scire,
1012 2253 1119 2317 quid
1146 2253 1421 2317 philosophia

147 2325 379 2387 promittat
411 2326 559 2388 generi
586 2326 811 2373 humano?
843 2325 1086 2372 confilium.
1118 2325 1266 2372 Alium
1297 2341 1419 2372 mors

147 2410 284 2444 vocat
299 2432 313 2455 ,
339 2397 472 2444 alium
502 2411 727 2460 paupertas
744 2398 856 2457 urit,
876 2398 1007 2445 alium
1025 2397 1203 2446 divitiae
1218 2395 1293 2446 vel
1315 2396 1421 2445 alie·²

148 2482 229 2516 nae
247 2484 451 2534 torquent
463 2505 477 2530 ,
493 2470 680 2534 velsuae
699 2488 711 2518 3
733 2470 805 2518 ille
823 2470 982 2519 malam
1000 2469 1223 2519 fortunam
1243 2470 1419 2529 horret„
