1780 2988
530 174 1090 221 EPISTOLAE.
1357 187 1446 233 413

183 295 390 345 poterunt
412 281 598 330 artifices
626 282 839 330 vivendi?
873 283 1040 327 Omnes
1065 278 1167 326 istae
1201 290 1310 326 artes
1340 279 1454 326 circa

183 358 463 405 instrumenta
494 358 611 405 vitae
641 369 878 419 occupatae
906 356 1029 413 sunt,
1060 371 1150 400 non
1175 355 1289 402 circa
1315 368 1452 401 totam

184 432 334 479 vitam.
380 434 527 495 ltaque
563 430 695 476 multa
728 430 818 476 illas
851 429 1048 475 inhibent
1083 427 1374 487 extrinsecus,
1412 440 1454 474 et

182 505 456 567 impediunt,
495 505 614 568 spes,
654 505 896 567 cupiditas,
927 504 1077 549 timor.
1117 506 1173 548 At
1203 504 1307 549 haec
1344 515 1455 565 quae

182 584 317 624 artem
338 579 454 625 virae
474 578 662 641 professa
686 578 771 634 est,
799 577 913 622 nulla
933 593 1005 633 re,
1028 592 1119 639 quo
1144 576 1288 622 minus
1311 576 1350 622 se
1371 594 1451 622 ex·-

182 663 348 709 erceat,
367 654 508 698 vetari
534 651 689 715 potest.
713 650 884 696 discutit
912 649 1029 695 enim
1052 649 1392 710 impedimenta,
1409 661 1451 696 et

175 729 333 774 ‘trafitat
355 728 581 775 obstantia.
612 729 691 774 Vis
713 728 820 775 scire
843 743 973 789 quam
999 725 1206 788 diffimilis
1229 725 1278 771 fit
1298 719 1451 772 harum

181 801 340 846 artium
371 801 571 847 conditio
589 836 603 859 ,
631 814 673 847 et
703 801 862 847 huius?
897 802 946 846 In
981 800 1062 845 iilis
1089 798 1331 846 excusatius
1364 800 1454 857 est,

181 874 408 921 voluntate
430 891 634 935 peccare,
654 892 782 937 quam
802 874 925 921 casu:
947 873 990 918 in
1015 874 1120 927 hac,
1152 872 1340 918 maxima
1363 874 1453 919 cul-

182 963 235 1009 pa
253 947 326 1004 est,
344 946 496 1009 sponte
515 948 778 1011 delinquere.
799 947 937 1007 Quod
953 946 1056 992 dico
1069 978 1084 1000 ‚
1102 945 1183 991 tale
1201 944 1276 991 est.
1303 948 1456 992 Gram-

175 1020 366 1066 «matie-ns
397 1037 487 1065 non
527 1020 735 1067 erubescit
774 1020 1110 1076 soloecismum,
1154 1017 1184 1063 fi
1221 1018 1355 1065 sciens
1384 1019 1454 1066 fa-

183 1091 243 1138 cit
269 1108 278 1136 :
307 1090 547 1149 erubescit,
577 1091 608 1136 fi
643 1091 848 1139 nesciens.
886 1091 1086 1137 Medicus
1111 1089 1140 1135 fi
1164 1088 1351 1137 deficere
1381 1108 1457 1137 aem

183 1179 309 1225 grum
339 1179 429 1208 non
455 1162 675 1226 intelligit,
706 1176 913 1226 quantum
943 1163 996 1208 ad
1022 1177 1157 1208 artem
1185 1162 1322 1225 magis
1348 1180 1456 1225 pec-

185 1253 252 1283 cat
268 1273 279 1293 ,
300 1254 429 1299 quam
456 1237 486 1283 fi
510 1238 550 1284 se
575 1237 815 1301 intelligere
835 1235 1079 1284 diffimulat.
1109 1238 1167 1282 At
1190 1236 1234 1281 in
1262 1237 1342 1283 hac
1366 1249 1458 1284 arte

184 1308 396 1364 vivendi,
423 1311 596 1372 turpior
622 1310 866 1359 volentium
898 1310 1027 1371 culpa
1044 1308 1117 1355 est.
1138 1308 1292 1355 Adiice
1314 1326 1457 1366 nunc,

177 1382 307 1443 ‘quod
332 1396 441 1429 artes
466 1400 647 1447 quoque
674 1384 928 1447 pleraeque,
948 1382 1088 1429 immo
1107 1399 1162 1429 ex
1184 1381 1389 1430 omnibus
1406 1383 1459 1427 1}-

183 1454 492 1511 beraliffimae,
517 1456 676 1503 habent
700 1458 872 1503 decreta
897 1456 967 1501 sua
983 1488 994 1510 ‚
1022 1472 1112 1501 non
1134 1467 1304 1502 tantum
1330 1473 1457 1517 prae-

183 1542 308 1589 cepta
335 1546 345 1574 2
389 1528 495 1575 ficut
523 1531 751 1576 medicina.
796 1531 940 1591 ltaque
973 1528 1054 1573 alia
1084 1527 1143 1573 est
1175 1528 1458 1590 Hippocratis

185 1599 324 1658 seila,
355 1603 434 1648 alia
468 1603 759 1665 Asclepiadis,
792 1602 870 1647 alia
904 1600 1195 1647 Themisonis.
1233 1603 1460 1648 Praeterea

182 1673 299 1718 nulla
328 1691 394 1720 ars
422 1676 763 1737 contemplativa
792 1674 880 1719 fine
912 1671 1097 1719 decretis
1123 1672 1206 1718 suis
1224 1673 1316 1729 est,
1345 1691 1458 1736 quae

184 1746 344 1791 Graeci
368 1759 529 1792 vocant
552 1754 751 1808 δόγματα
773 1767 781 1793 :
809 1743 935 1793 nobis
956 1746 1129 1791 decreta
1150 1745 1251 1792 licet
1274 1746 1458 1808 appella-

182 1833 255 1873 re,
277 1819 346 1864 vel
365 1818 571 1877 scita,-vel
596 1819 749 1880 placita
772 1836 782 1864 t
806 1835 915 1880 quae
934 1820 979 1864 in
1005 1818 1242 1880 geometria
1262 1833 1305 1865 et
1321 1819 1459 1864 astro-

183 1889 334 1936 nomia
348 1891 558 1938 invenies.
578 1890 855 1952 Philosophia
881 1905 1028 1937 autem
1049 1904 1093 1938 et
1111 1892 1457 1955 contemplativa

183 1961 267 2019 est,
287 1975 329 2008 et
347 1963 487 2009 astiva
511 1982 521 2010 :
543 1963 729 2026 speetat,
759 1963 971 2025 simulque
986 1963 1086 2026 agit.
1112 1966 1397 2019 Errasenim,
1428 1965 1457 2010 fi

183 2033 300 2080 illam
324 2048 445 2097 putas
467 2046 633 2082 tantum
663 2035 880 2081 terrestres
906 2052 1063 2098 operas
1084 2036 1343 2099 promittere
1365 2055 1375 2082 :
1396 2038 1457 2083 al-

178 2109 268 2156 tius
294 2109 435 2172 spirat.
475 2112 643 2157 Totum
662 2146 674 2166 ,
697 2109 868 2173 inquit,
901 2110 1115 2155 mundum
1148 2109 1345 2167 scrutor,
1376 2126 1458 2156 nec

180 2198 256 2227 -me
279 2182 390 2228 intra
421 2176 762 2229 contubernium
795 2183 978 2229 mortale
1013 2182 1245 2241 contineo,
1281 2183 1457 2230 suadere

184 2253 340 2311 vobis,
369 2270 418 2300 ac
450 2253 685 2300 dissuadere
713 2267 917 2301 contenta
943 2273 954 2301 ε
986 2270 1141 2317 magna
1167 2269 1238 2301 me
1263 2253 1458 2314 vocant,

183 2328 396 2392 supraque
420 2345 502 2376 vos
539 2327 688 2391 posita.

253 2457 371 2502 Nam
397 2457 475 2505 cibi
498 2459 544 2502 de
548 2457 722 2516 summa
745 2459 843 2503 coeli
868 2460 1051 2515 racione,
1079 2460 1295 2519 deumque,
