1807 3004
581 175 1154 225 EPISTOLAE.
1407 195 1499 242 247

227 297 316 335 rata
341 285 466 334 nobis
496 285 591 332 sunt
610 316 625 340 ,
651 301 742 332 non
768 284 897 332 habet
921 283 967 332 in
995 284 1071 331 usu
1098 284 1225 331 Deus
1246 299 1256 330 :
1274 300 1354 332 nec
1380 285 1499 332 enim

224 360 363 407 libido
390 360 443 406 ad
473 359 620 417 illurn,
651 376 733 405 nec
754 359 989 420 ¹epularum
1022 358 1208 415 lautitia,
1243 374 1324 405 nec
1355 373 1462 420 opes
1483 393 1500 416 ,

224 449 305 479 nec
326 432 562 494 quidquam
587 447 640 477 ex
667 431 732 477 his
755 430 986 478 hominem
1007 430 1318 484 inescantibus,
1349 440 1392 474 et
1418 427 1495 475 vili

224 504 448 565 voluptate
475 502 730 550 ducentibus
746 537 759 560 ‚
787 502 986 565 pertinet.
1018 503 1136 565 Ergo
1163 512 1261 558 aut,
1284 501 1406 564 quod
1426 500 1497 546 in-

225 575 429 624 credibile
453 575 514 622 est
531 611 544 633 ‚
567 575 684 622 bona
709 576 815 622 Deo
839 574 1022 629 desunt;
1044 586 1118 620 aut
1149 573 1236 620 hoc
1265 572 1406 636 ipsum
1428 590 1509 618 ar*

224 661 478 711 gumentum
500 647 585 705 est,
605 648 720 694 bona
742 663 834 693 non
859 645 944 693 esse
972 663 1082 709 quae
1102 649 1206 694 Deo
1231 646 1395 692 desunt.
1412 644 1500 690 Ad.-

223 720 308 768 iice
324 756 337 777 ‚
361 721 484 783 quod
513 721 645 766 multa
670 735 779 783 quae
799 719 914 765 bona
934 718 1075 765 videri
1095 720 1280 774 volunt,
1295 717 1497 765 animali-

225 790 304 837 bus
322 807 452 853 quarn
469 790 638 836 homini
665 789 867 853 pleniora
884 789 1162 852 contingunt.
1181 790 1255 836 Illa
1279 790 1380 837 cibo
1400 789 1496 838 avi-

221 860 317 909 dius
335 877 542 909 utuntur:
563 865 733 909 Venere
760 878 851 908 non
874 878 1011 924 aeque
1039 861 1270 924 fatigantur
1290 880 1301 908 :
1330 862 1498 909 virium

221 934 303 980 illis
321 934 462 981 maior
478 934 538 980 est
559 946 602 980 et
620 934 893 998 aequabilio:
913 932 1104 981 firmitas.
1120 935 1312 997 sequitur
1330 946 1376 980 ut
1393 935 1498 980 mula

221 1021 271 1056 to
305 1008 503 1055 feliciora
533 1009 613 1055 sint
647 1009 844 1057 homine.
887 1009 1001 1055 Nam
1037 1008 1123 1055 fine
1158 1008 1373 1073 nequitia,
1410 1009 1498 1057 fine

219 1080 442 1129 fraudibus
476 1082 667 1143 degunt;
704 1079 909 1128 fruuntur
940 1080 1244 1145 voluptatibus
1263 1115 1277 1138 ,
1315 1100 1427 1146 quas·
1451 1095 1495 1129 et

218 1153 356 1216 magis
390 1154 602 1215 capiunt,
630 1164 672 1200 et
700 1170 754 1200 ex
787 1152 940 1212 faciliffi,
964 1154 1051 1203 fine
1087 1156 1178 1203 ullo
1209 1157 1391 1219 pudoris
1422 1169 1499 1203 aut

218 1226 513 1289 poenitentiae
546 1239 680 1273 metu.
709 1227 952 1274 Confidera
977 1240 1024 1274 tu
1053 1228 1226 1293 itaque,
1251 1246 1307 1275 an
1331 1229 1377 1276 id
1407 1230 1493 1276 bo-

221 1316 327 1345 num
350 1301 600 1346 vocandum
630 1300 705 1357 iit,
731 1316 822 1363 quo
849 1301 972 1350 Deus
999 1302 1052 1347 ab
1079 1302 1258 1350 homine
1287 1303 1505 1351 vincitur,

146 1372 151 1374 ’
220 1373 446 1419 Summum
478 1374 645 1419 bonum
675 1373 719 1418 in
755 1372 902 1418 animo
940 1373 1268 1423 constituamus.
1299 1375 1495 1423 obsoles-
1532 1404 1535 1406 v

219 1446 308 1503 cit,
330 1446 358 1492 fi
388 1448 441 1493 ab
469 1446 637 1509 optima
664 1445 800 1493 nostri
837 1459 957 1509 parte
986 1447 1040 1492 ad
1068 1448 1290 1510 peffimam
1316 1449 1492 1507 transit,

219 1535 262 1569 et
290 1522 546 1569 transfertur
573 1522 625 1569 ad
652 1521 819 1579 sensus,
842 1521 919 1584 qui
951 1521 1149 1584 agiliores
1176 1525 1270 1569 sunt
1297 1523 1495 1570 animali-

219 1593 300 1642 bus
331 1593 472 1642 mutis.
500 1596 606 1642 Non
635 1593 695 1642 est
717 1593 881 1641 summa
902 1593 1119 1642 felicitatis
1140 1595 1309 1642 nostrae
1331 1597 1374 1642 in
1397 1614 1497 1643 car--

221 1684 276 1714 ne
305 1667 523 1729 ponendaa
562 1668 684 1713 Bona
713 1666 783 1713 illa
813 1665 909 1713 sunt
938 1684 1068 1724 vera,
1104 1685 1213 1731 quae
1244 1667 1356 1715 ratio
1388 1670 1490 1716 dat:

219 1739 355 1786 solida
373 1756 424 1786 ac
442 1739 721 1801 sempiterna,
752 1757 862 1802 quae
888 1741 1041 1788 cadere
1059 1759 1150 1788 non
1179 1742 1383 1805 possunt,
1409 1761 1492 1792 nec

218 1812 464 1859 decrescere
492 1813 672 1874 quidem
703 1828 777 1860 aut
806 1813 957 1860 minui.
985 1828 1126 1861 cetera
1158 1815 1372 1877 opinione
1404 1816 1491 1862 bo-

219 1903 273 1931 na
297 1885 392 1932 sunt
421 1904 432 1932 :
464 1899 506 1932 et
537 1903 700 1931 nomen
732 1886 907 1945 quidem
942 1887 1096 1933 hab-ent
1124 1906 1362 1935 commune
1389 1906 1490 1936 cum

220 1957 362 2015 veris,
392 1958 634 2020 proprietas
661 1957 805 2005 inillis
823 1959 930 2004 boni
963 1976 1053 2005 non
1084 1960 1156 2005 est.
1187 1966 1333 2024 ltaque
1361 1979 1491 2008 com-

219 2030 353 2076 moda
383 2042 627 2088 vocentur,
662 2042 716 2077 er
731 2028 802 2094 (ut
833 2031 978 2077 nostra
1010 2032 1153 2095 iingua
1179 2033 1360 2097 loquar)
1387 2051 1490 2096 pro·

219 2103 376 2150 ducta:
409 2115 602 2150 ceterum
633 2102 815 2150 sciamus
841 2105 1057 2166 mancipia
1091 2106 1233 2152 nostra
1265 2107 1376 2163 effe,
1398 2125 1490 2155 non

220 2190 393 2237 parte53
420 2191 464 2222 et
498 2176 577 2221 fint
611 2177 726 2238 apud
757 2193 865 2232 nos,
892 2179 963 2223 sed
990 2179 1050 2225 ita
1084 2192 1134 2225 ut
1160 2179 1490 2227 meminerimus

218 2261 338 2294 extra
370 2256 450 2295 nos
484 2249 583 2296 effe.
622 2251 759 2296 Etiam
787 2252 816 2297 fi
847 2253 968 2313 apud·
989 2271 1069 2300 nos
1099 2255 1204 2310 fint,
1241 2258 1354 2304 inter
1388 2256 1488 2303 sub-

217 2319 327 2367 iefla
353 2334 396 2368 et
419 2322 595 2368 humilia
626 2337 929 2381 numerentur,
957 2341 1139 2391 propter
1159 2347 1268 2393 quae
1295 2347 1428 2377 nemo
1447 2332 1489 2378 se

217 2393 414 2441 attollere
441 2395 607 2443 debeat,
639 2398 747 2459 quid
775 2399 890 2444 enim
920 2398 1114 2459 stultius,
1137 2420 1269 2466 quam
1299 2400 1512 2467 aliquem'

216 2481 273 2513 eo
311 2466 389 2515 fibi
424 2469 624 2532 placere,
654 2470 778 2534 quod
809 2471 898 2534 ipse
927 2488 1018 2520 non
1045 2473 1182 2522 fecit?
1215 2477 1379 2525 Omnia
1413 2477 1491 2528 ista

1126 2550 1237 2612 {24
