1797 2956
296 181 386 230 282.
558 186 604 231 L.
654 185 962 231 ANNAEI
1009 186 1362 234 SENECAE

291 289 433 347 latur,
465 289 636 336 effulsit.
662 290 890 351 Numquid
922 308 1010 337 non
1033 292 1136 338 sorti
1165 291 1264 338 suae
1290 289 1446 356 gratias
1466 291 1588 356 egit..

291 375 334 408 et
352 361 550 409 exsilium
571 365 690 408 suum
714 365 972 426 complexus
988 363 1073 410 est?
1093 365 1167 411 De
1187 364 1250 410 his
1267 364 1450 426 loquor,
1470 382 1586 427 quos

293 435 525 482 illustravit
544 434 722 482 fortuna
767 437 871 481 dum
894 450 1048 483 vexat:
1071 454 1202 499 quam
1221 438 1461 483 multorum
1481 453 1588 499 pro-

292 507 427 554 fectus
446 507 488 553 in
513 508 716 554 notitiam
738 514 910 555 evasere
925 543 939 566 ‚
969 509 1064 569 post
1092 508 1240 570 ipsos?
1271 525 1404 571 quam
1425 508 1584 555 multos

291 579 410 626 fama
446 597 538 627 non
571 582 776 644 excepit,
825 583 892 626 led
927 581 1083 627 eruit?
1119 580 1256 626 Vides
1301 580 1539 642 Epicurum
1568 614 1585 637 ,

295 664 570 716 quantopere
601 670 692 699 non
716 667 878 699 tantum
909 655 1198 712 eruditiores,
1227 653 1438 700 sed‘haec
1468 670 1585 715 quo-

293 741 379 786 que
412 725 720 788 imperitorum
761 731 883 772 turba
922 728 1114 774 miretur.
1156 727 1241 773 Hic
1276 728 1453 789 ignotus
1487 724 1587 788 ipsis

292 796 477 842 Athenis
495 796 576 844 fuit
591 833 605 854 ‚
629 799 743 844 circa
769 816 875 862 quas
896 800 1142 846 delituerat.
1166 799 1315 846 Multis
1333 798 1479 860 itaque
1500 799 1585 843 iam

293 868 417 915 annis
439 870 709 916 Metrodoro
727 871 807 918 suo
827 872 1064 934 superstes,
1096 872 1142 918 in
1169 872 1356 936 quadam
1378 869 1558 934 epistola
1577 905 1592 929 ,

292 961 394 992 cum
427 945 666 993 amicitiam
706 949 822 993 {uam
852 960 895 992 et
923 947 1206 1004 Metrodori,
1233 961 1353 1010 grata
1385 963 1587 993 comme-

292 1019 546 1067 moratione
583 1019 838 1077 cecinisset,
872 1020 957 1067 hoc
980 1021 1214 1067 noviffime
1247 1019 1428 1076 adiecit,
1463 1018 1589 1064 Nihil

291 1091 370 1137 sibi
397 1104 439 1138 et
470 1092 737 1137 Metrodoro
768 1092 879 1138 inter
909 1092 1026 1138 bona
1054 1103 1174 1138 tanta
1204 1090 1429 1148 nocuisse,
1465 1090 1590 1154 quod

290 1165 410 1228 ipsos
431 1166 502 1211 illa
529 1166 687 1212 nobilis
710 1166 894 1212 Graecia
918 1183 1009 1212 non
1040 1166 1217 1229 ignotos
1246 1165 1383 1212 solum
1411 1164 1588 1215 habuis-

292 1243 353 1288 set
370 1276 382 1294 ,
404 1241 475 1288 sed
498 1257 633 1302 paene
654 1240 890 1286 inauditos.
919 1239 1148 1299 Numquid
1174 1254 1281 1301 ergo
1300 1254 1390 1282 non
1409 1236 1559 1298 postea
1575 1267 1590 1290 ,

292 1331 424 1376 quam
450 1314 536 1360 effe
558 1313 735 1358 deflerat
750 1346 763 1367 ‚
795 1312 998 1359 inventuc
1024 1311 1119 1358 est?
1141 1310 1356 1374 numquid
1379 1326 1467 1356 non
1487 1310 1590 1372 opi-

291 1388 370 1433 nio
399 1387 492 1434 eius
519 1386 733 1433 emicuit?
759 1387 861 1432 Hoc
889 1386 1177 1432 Metrodorus
1205 1400 1387 1448 quoque
1411 1384 1456 1429 in
1482 1398 1594 1446 qua-

295 1461 394 1507 dam
429 1460 611 1523 epistola
649 1458 916 1515 confitetur,
951 1461 1003 1505 Se
1035 1471 1077 1505 et
1107 1457 1344 1520 Epicurum
1381 1455 1594 1502 nonsatis

294 1534 553 1580 eminuiffe:
581 1532 652 1578 sed
684 1532 780 1594 post
799 1569 811 1588 ‚
847 1534 898 1578 Se
926 1546 969 1580 et
994 1531 1232 1595 Epicurum
1266 1546 1476 1593 magnum
1510 1546 1589 1591 pa·

294 1621 525 1669 ratumque
543 1623 706 1652 nomen
726 1607 953 1653 habituros
969 1643 981 1661 ‚
1018 1607 1135 1669 apud
1159 1623 1237 1652 eos
1256 1604 1332 1667 qui
1351 1603 1590 1651 voluiffent

293 1699 375 1745 per
400 1683 550 1728 eadem
575 1680 638 1726 ire
658 1681 855 1744 vestigia.
883 1681 1008 1726 Nulla
1030 1682 1168 1727 virtus
1187 1681 1286 1726 latet
1307 1697 1318 1725 ε
1338 1691 1380 1726 et
1395 1678 1560 1724 latuiss‘e
1576 1711 1592 1733 ‚

298 1771 389 1802 non
412 1753 540 1816 ipsius
559 1753 620 1799 est
646 1754 874 1799 damnum.
898 1753 1057 1798 Veniet
1084 1753 1158 1815 qui
1178 1752 1401 1798 conditam
1418 1785 1432 1808 ‚
1463 1763 1506 1796 et
1526 1749 1593 1795 se-

298 1827 383 1875 culi
405 1828 463 1873 sui
497 1826 763 1889 malignitate
783 1826 1071 1888 compressam
1092 1861 1106 1883 ‚
1139 1825 1230 1870 dies
1251 1823 1455 1886 publicet.
1480 1823 1594 1868 Pau-

300 1901 362 1948 cis
384 1916 507 1947 natus
528 1899 610 1949 est,
635 1899 707 1960 qui
731 1900 946 1960 populum
969 1899 1119 1944 aetatis
1141 1897 1235 1943 suae
1257 1895 1433 1959 cogitat.
1455 1895 1594 1941 Multa

300 1990 519 2020 annorum
546 1972 676 2018 mima
693 2007 705 2027 ‚
734 1972 864 2016 multa
885 1971 1151 2034 populorum
1179 1970 1486 2031 supervenient
1506 1985 1517 2014 ε
1539 1969 1595 2014 ad

299 2048 371 2095 ina
395 2046 571 2107 respice.
606 2044 735 2090 etiam
762 2044 787 2088 si
809 2043 1014 2088 omnibus
1036 2056 1180 2089 tecum
1200 2041 1453 2088 viventibus
1470 2039 1594 2086 {ilen-

300 2121 410 2169 tium
440 2121 560 2166 livor
591 2116 811 2165 indixerit.
844 2116 1024 2178 venient
1058 2116 1132 2178 qui
1161 2115 1249 2162 fine
1280 2114 1473 2171 offensa,
1507 2114 1595 2161 fine

300 2195 438 2259 gratia
460 2195 665 2241 iudicent.
684 2193 724 2238 Si
750 2192 870 2255 quod
891 2190 951 2237 est
977 2190 1164 2253 pretium
1184 2189 1359 2236 virtutis
1374 2207 1428 2236 ex
1447 2187 1563 2234 fama
1578 2222 1594 2246 ‚

300 2287 382 2316 nec
403 2269 491 2315 hoc
522 2268 682 2314 interit.
712 2267 777 2312 Ad
809 2282 889 2311 nos
912 2265 1087 2328 quidem
1114 2263 1221 2310 nihil
1252 2262 1483 2325 pertinebit
1508 2277 1593 2324 po-

300 2340 519 2387 st2rorum
555 2341 695 2387 sermo
716 2356 726 2384 ε
747 2350 891 2385 tamen
922 2338 1050 2395 etiam
1072 2353 1163 2384 non
1194 2335 1422 2383 sentientes
1447 2335 1593 2392 colet,

299 2430 350 2460 ac
369 2413 675 2477 frequentabit.
699 2412 819 2458 Nulli
852 2429 942 2459 non
975 2411 1134 2467 virtus,
1160 2426 1204 2458 et
1228 2410 1338 2456 vivo
1355 2446 1369 2466 ,
1401 2422 1443 2454 et
1469 2424 1591 2453 mor-

295 2500 378 2535 tuo
396 2520 410 2544 ,
440 2487 588 2535 retulit
609 2487 822 2551 gratiam:
848 2485 878 2532 si
904 2486 1046 2534 modo
1066 2485 1183 2532 illam
1202 2484 1320 2532 bona
1346 2483 1512 2532 secutus
1530 2481 1592 2529 est
