1807 3004
547 168 1123 216 ΕΡῐετΟῑΑῑ.
1417 185 1468 227 17

198 276 329 328 Aoite
355 276 436 322 diis
464 274 780 320 immortalibus
815 275 997 335 gratias,
1024 272 1146 335 quod
1176 288 1274 318 eum
1305 272 1471 319 docetis

197 330 283 396 elle
307 349 552 403 crudelem,
576 347 653 409 qui
672 363 760 392 non
785 344 926 408 potest
949 345 1125 391 discere.
1159 343 1448 391 subducenda
1438 363 1471 392 s

197 423 368 485 populo
391 421 452 466 est
470 436 590 466 tener
620 419 813 471 animus,
844 431 886 463 et
915 434 1066 479 parum
1093 429 1219 462 tenax
1249 415 1382 461 reffi:
1408 413 1471 460 fa-

197 496 279 541 cile
310 493 512 540 transitur
537 493 590 537 ad
620 492 775 554 plures.
805 490 1000 546 Socrati,
1033 489 1224 545 Catoni,
1254 500 1295 534 et
1324 488 1470 533 Laelio

197 579 401 613 excutere
430 581 618 611 mentem
647 565 761 610 suam
793 564 1000 610 dissimilis
1029 563 1263 609 multitudo
1298 559 1471 624 potuis-

197 640 296 685 set:
331 638 439 682 adeo
474 652 606 682 nemo
638 637 831 682 nostrum
857 668 870 690 ‚
904 637 978 698 qui
1009 653 1107 682 cum
1141 636 1327 680 maxime
1355 650 1469 681 con-

196 712 421 758 cinnamus
456 708 709 772 ingenium,
743 709 858 756 ferre
892 710 1102 771 impetum
1139 709 1348 755 vitiorum
1379 724 1470 755 tam

195 803 356 849 magno
390 787 598 831 comitatu
630 785 899 831 venientium
936 784 1088 846 potest.
1136 786 1285 829 Unum
1316 798 1469 829 exem-n

195 859 317 920 plum
353 871 425 903 aut
453 858 673 912 luxuriae,
698 872 771 903 aut
802 857 1027 912 avaritiae,
1055 856 1238 902 multum
1270 855 1371 900 mali
1401 852 1468 899 fae

196 931 286 976 cit:
314 930 543 975 convictor
574 929 783 975 delicatus
816 930 1017 990 paulatim
1052 939 1232 974 enervat
1260 940 1302 973 et
1325 926 1470 972 emol-

193 1004 273 1048 lit:
300 1004 472 1049 vicinuz
497 1003 619 1048 dives
649 1003 930 1063 cupiditatem
957 1002 1126 1047 irritat:
1148 1001 1362 1063 malignus
1388 1016 1469 1046 co<⁵

194 1094 286 1123 mes
309 1077 510 1138 quamvis
543 1076 731 1121 candido
765 1090 807 1122 et
838 1076 1046 1138 simplici,
1075 1074 1315 1136 rubiginem
1349 1074 1468 1119 suam

192 1148 376 1194 affricuit
404 1166 413 1192 :
447 1148 554 1210 quid
588 1159 637 1193 tu
669 1148 865 1194 accidere
904 1148 967 1193 his
999 1147 1195 1193 moribus
1229 1147 1394 1202 credis,
1422 1149 1469 1194 in

194 1235 305 1281 quos
324 1217 494 1280 publice
513 1218 648 1264 facins
664 1218 723 1264 est
744 1219 959 1280 impetus?
991 1217 1167 1264 Neceffe
1188 1217 1247 1263 est
1278 1230 1348 1264 aut
1367 1220 1466 1265 imi·

192 1289 295 1334 teris
313 1326 325 1345 ,
353 1305 425 1335 aut
451 1290 606 1335 oderis.
634 1292 881 1352 Utrumque
911 1302 1051 1334 autem
1076 1289 1359 1335 devitandum
1379 1287 1466 1336 est:

193 1379 246 1408 ne
278 1363 350 1408 vel
378 1362 522 1408 similis
548 1362 671 1408 malis
691 1361 793 1418 fias,
828 1363 928 1425 quia
949 1363 1075 1407 multi
1103 1363 1224 1410 sunt:
1252 1379 1362 1409 neve
1381 1362 1465 1409 ini-

191 1433 328 1479 micus
355 1433 500 1478 multis
519 1469 531 1489 ‚
563 1435 637 1495 qui
666 1433 884 1479 diffimiles
922 1435 1029 1480 sunt.
1075 1436 1243 1480 Recede
1273 1435 1315 1480 in
1348 1435 1463 1496 teip-

191 1506 282 1552 sum
313 1519 519 1570 quantum
552 1519 690 1568 potes.
722 1525 822 1552 cum
855 1507 918 1552 his
953 1506 1124 1552 versare
1138 1507 1253 1569 ‚qui
1287 1520 1330 1554 te
1365 1526 1462 1555 me-

190 1580 342 1626 lioiern
364 1579 514 1625 tac‘turi
538 1580 662 1625 sunt:
684 1579 782 1625 illos
809 1581 1014 1636 admitte,
1045 1596 1156 1641 quos
1173 1595 1221 1626 tu
1243 1595 1366 1642 potes
1392 1581 1462 1626 fa·-

190 1661 288 1692 cere
303 1645 402 1689 meli
393 1661 519 1690 ores.
547 1648 707 1690 Mutuo
726 1645 799 1689 ista
821 1644 958 1700 fiunt,
977 1658 1019 1690 et
1041 1646 1241 1691 homines
1257 1647 1359 1691 dum
1378 1647 1462 1692 do-

190 1729 312 1773 cent,
330 1716 512 1763 discunt.
528 1719 632 1762 Non
652 1717 714 1763 est
727 1734 832 1780 ergo
848 1720 969 1780 quod
992 1731 1034 1763 te
1053 1717 1191 1780 gloria
1210 1719 1464 1779 publicandi

189 1790 350 1852 ingenii
371 1792 584 1852 producat
606 1792 649 1836 in
681 1793 872 1837 medium
889 1827 902 1847 ‚
934 1805 979 1836 ut
1006 1794 1184 1837 recitare
1214 1791 1300 1837 istis
1325 1792 1462 1847 velis,

189 1876 260 1909 aut
285 1864 526 1925 disputare:
556 1866 679 1927 quod
698 1864 841 1911 facere
866 1880 908 1910 te
929 1865 1111 1920 vellem,
1133 1863 1161 1909 fi
1188 1864 1368 1910 haberes
1393 1864 1460 1909 isti

188 1938 358 2001 populo
377 1936 578 1991 idoneam
598 1951 802 1984 mentem.
830 1941 977 1984 Nemo
1002 1938 1088 1996 est,
1124 1938 1201 2000 qui
1223 1938 1462 2001 intelligere

188 2026 231 2056 te
262 2009 402 2072 poffit.
425 2012 591 2074 Aliquis
622 2011 797 2058 fortasse
824 2029 933 2058 unus
963 2027 1036 2058 aut
1067 2013 1174 2058 alter
1198 2011 1387 2058 incidet:
1417 2023 1460 2058 et

186 2085 258 2130 hic
276 2085 364 2146 ipse
387 2084 638 2133 formandus
656 2087 734 2132 tibi
748 2088 850 2142 erit,
871 2088 1238 2149 instituendusque
1255 2089 1309 2132 ad
1328 2087 1460 2133 intel-

185 2157 345 2202 leffium
380 2158 459 2203 tui.
485 2159 567 2203 Cui
601 2175 737 2222 ergo,
765 2160 910 2222 inquis
929 2195 942 2215 ‚
974 2158 1048 2205 ista
1085 2160 1248 2206 didici?
1277 2176 1366 2205 non
1399 2159 1459 2206 est

186 2228 308 2288 quod
337 2227 487 2274 timeas
515 2245 568 2273 ne
591 2246 772 2290 operam
800 2230 1067 2291 perdideris,
1096 2231 1124 2276 si
1155 2231 1231 2277 tibi
1261 2231 1460 2278 didicisti,

187 2301 270 2346 Sed
289 2316 343 2345 ne
363 2302 470 2346 mihi
488 2301 563 2347 soli
582 2301 716 2347 hodie
737 2302 961 2348 didicerim
983 2336 996 2356 ,
1020 2305 1362 2350 communicabo
1388 2317 1457 2351 te-

186 2390 287 2420 cum
313 2390 423 2435 quae
444 2387 724 2421 occurrerunt
751 2376 855 2420 mihi
883 2378 1054 2439 egregie
1073 2378 1186 2424 dicia
1211 2377 1324 2424 circa
1346 2394 1455 2424 eun*-

185 2447 286 2493 dem
306 2445 395 2492 fere
415 2447 577 2493 sensum
607 2449 714 2493 tria.
744 2465 795 2493 ex
818 2450 974 2510 quibus
993 2467 1125 2498 unum
1145 2453 1249 2497 haec
1271 2452 1454 2515 epistola

252 2514 302 2559 L.
332 2515 452 2561 Arm.
480 2517 649 2561 Seneca.
691 2516 784 2563 Vol.
805 2515 895 2562 III
1199 2518 1232 2561 Β
