<?xml version="1.0" encoding="UTF-8"?>
<!DOCTYPE html PUBLIC "-//W3C//DTD XHTML 1.0 Transitional//EN"
    "http://www.w3.org/TR/xhtml1/DTD/xhtml1-transitional.dtd">
<html xmlns="http://www.w3.org/1999/xhtml" xml:lang="en" lang="en">
 <head>
  <title>
</title>
<meta http-equiv="Content-Type" content="text/html;charset=utf-8" />
  <meta name='ocr-system' content='tesseract 3.04.00' />
  <meta name='ocr-capabilities' content='ocr_page ocr_carea ocr_par ocr_line ocrx_word'/>
</head>
<body>
  <div class='ocr_page' id='page_1' title='image "./lannaeisenecaeph03seneuoft_0177.png"; bbox 0 0 1807 3004; ppageno 0'>
   <div class='ocr_carea' id='block_1_1' title="bbox 0 0 21 1856">
    <p class='ocr_par' dir='ltr' id='par_1_1' title="bbox 0 0 21 1856">
     <span class='ocr_line' id='line_1_1' title="bbox 0 0 21 1856; baseline 0 0"><span class='ocrx_word' id='word_1_1' title='bbox 0 0 21 1856; x_wconf 95' lang='lat' dir='ltr'> </span> 
     </span>
    </p>
   </div>
   <div class='ocr_carea' id='block_1_2' title="bbox 2 1773 8 2505">
    <p class='ocr_par' dir='ltr' id='par_1_2' title="bbox 2 1773 8 2505">
     <span class='ocr_line' id='line_1_2' title="bbox 2 1773 8 2505; baseline 0 0"><span class='ocrx_word' id='word_1_2' title='bbox 2 1773 8 2505; x_wconf 95' lang='lat' dir='ltr'> </span> 
     </span>
    </p>
   </div>
   <div class='ocr_carea' id='block_1_3' title="bbox 2 1773 8 2505">
    <p class='ocr_par' dir='ltr' id='par_1_3' title="bbox 2 1773 8 2505">
     <span class='ocr_line' id='line_1_3' title="bbox 2 1773 8 2505; baseline 0 0"><span class='ocrx_word' id='word_1_3' title='bbox 2 1773 8 2505; x_wconf 95' lang='lat' dir='ltr'> </span> 
     </span>
    </p>
   </div>
   <div class='ocr_carea' id='block_1_4' title="bbox 0 1852 5 2505">
    <p class='ocr_par' dir='ltr' id='par_1_4' title="bbox 0 1852 5 2505">
     <span class='ocr_line' id='line_1_4' title="bbox 0 1852 5 2505; baseline 0 0"><span class='ocrx_word' id='word_1_4' title='bbox 0 1852 5 2505; x_wconf 95' lang='lat' dir='ltr'> </span> 
     </span>
    </p>
   </div>
   <div class='ocr_carea' id='block_1_5' title="bbox 552 200 1479 262">
    <p class='ocr_par' dir='ltr' id='par_1_5' title="bbox 552 200 1479 262">
     <span class='ocr_line' id='line_1_5' title="bbox 552 200 1479 262; baseline 0 -15"><span class='ocrx_word' id='word_1_5' title='bbox 552 200 1130 247; x_wconf 68' lang='lat' dir='ltr'><strong>EPISTOEAE.</strong></span> <span class='ocrx_word' id='word_1_6' title='bbox 1389 200 1479 262; x_wconf 85' lang='lat'>169</span> 
     </span>
    </p>
   </div>
   <div class='ocr_carea' id='block_1_6' title="bbox 160 300 1486 2562">
    <p class='ocr_par' dir='ltr' id='par_1_6' title="bbox 160 300 1486 2562">
     <span class='ocr_line' id='line_1_6' title="bbox 203 300 1481 364; baseline -0.005 -10"><span class='ocrx_word' id='word_1_7' title='bbox 203 306 341 355; x_wconf 84' lang='lat' dir='ltr'>cilitas</span> <span class='ocrx_word' id='word_1_8' title='bbox 368 319 467 362; x_wconf 86' lang='lat' dir='ltr'>tua,</span> <span class='ocrx_word' id='word_1_9' title='bbox 501 323 599 354; x_wconf 89' lang='lat' dir='ltr'>cum</span> <span class='ocrx_word' id='word_1_10' title='bbox 629 321 731 353; x_wconf 85' lang='lat' dir='ltr'>ecce</span> <span class='ocrx_word' id='word_1_11' title='bbox 757 305 800 351; x_wconf 82' lang='lat' dir='ltr'>id</span> <span class='ocrx_word' id='word_1_12' title='bbox 832 304 952 351; x_wconf 79' lang='lat' dir='ltr'>nullo</span> <span class='ocrx_word' id='word_1_13' title='bbox 978 303 1118 351; x_wconf 85' lang='lat' dir='ltr'>modo</span> <span class='ocrx_word' id='word_1_14' title='bbox 1150 300 1301 348; x_wconf 79' lang='lat' dir='ltr'>Latine</span> <span class='ocrx_word' id='word_1_15' title='bbox 1328 301 1481 364; x_wconf 71' lang='lat' dir='ltr'>expri-</span> 
     </span>
     <span class='ocr_line' id='line_1_7' title="bbox 202 375 1485 444; baseline -0.006 -17"><span class='ocrx_word' id='word_1_16' title='bbox 202 398 324 429; x_wconf 83' lang='lat' dir='ltr'>mere</span> <span class='ocrx_word' id='word_1_17' title='bbox 353 380 509 444; x_wconf 90' lang='lat' dir='ltr'>poffim</span> <span class='ocrx_word' id='word_1_18' title='bbox 529 414 542 436; x_wconf 86' lang='lat'><strong>‚</strong></span> <span class='ocrx_word' id='word_1_19' title='bbox 573 392 755 442; x_wconf 82' lang='lat' dir='ltr'>propter</span> <span class='ocrx_word' id='word_1_20' title='bbox 783 380 904 442; x_wconf 90' lang='lat' dir='ltr'>quod</span> <span class='ocrx_word' id='word_1_21' title='bbox 931 378 1104 442; x_wconf 81' lang='lat' dir='ltr'>linguae</span> <span class='ocrx_word' id='word_1_22' title='bbox 1134 375 1302 422; x_wconf 88' lang='lat' dir='ltr'>nostrae</span> <span class='ocrx_word' id='word_1_23' title='bbox 1332 375 1485 444; x_wconf 66' lang='lat' dir='ltr'>comi·-</span> 
     </span>
     <span class='ocr_line' id='line_1_8' title="bbox 202 448 1482 516; baseline -0.005 -16"><span class='ocrx_word' id='word_1_24' title='bbox 202 454 322 500; x_wconf 85' lang='lat' dir='ltr'>cium</span> <span class='ocrx_word' id='word_1_25' title='bbox 360 453 479 501; x_wconf 84' lang='lat' dir='ltr'>feci?</span> <span class='ocrx_word' id='word_1_26' title='bbox 516 453 654 516; x_wconf 83' lang='lat' dir='ltr'>Magis</span> <span class='ocrx_word' id='word_1_27' title='bbox 684 453 908 499; x_wconf 87' lang='lat' dir='ltr'>damnabis</span> <span class='ocrx_word' id='word_1_28' title='bbox 926 451 1140 516; x_wconf 85' lang='lat' dir='ltr'>angustias</span> <span class='ocrx_word' id='word_1_29' title='bbox 1168 452 1418 507; x_wconf 84' lang='lat' dir='ltr'>Romanas,</span> <span class='ocrx_word' id='word_1_30' title='bbox 1449 448 1482 493; x_wconf 85' lang='lat' dir='ltr'><strong>fi</strong></span> 
     </span>
     <span class='ocr_line' id='line_1_9' title="bbox 202 520 1484 590; baseline -0.005 -17"><span class='ocrx_word' id='word_1_31' title='bbox 202 526 346 573; x_wconf 87' lang='lat' dir='ltr'>scieris</span> <span class='ocrx_word' id='word_1_32' title='bbox 374 543 504 573; x_wconf 89' lang='lat' dir='ltr'>unam</span> <span class='ocrx_word' id='word_1_33' title='bbox 537 526 746 590; x_wconf 79' lang='lat' dir='ltr'>syllabam</span> <span class='ocrx_word' id='word_1_34' title='bbox 771 525 858 573; x_wconf 85' lang='lat' dir='ltr'>effe</span> <span class='ocrx_word' id='word_1_35' title='bbox 874 561 887 584; x_wconf 92' lang='lat'>,</span> <span class='ocrx_word' id='word_1_36' title='bbox 916 542 1046 589; x_wconf 91' lang='lat' dir='ltr'>quam</span> <span class='ocrx_word' id='word_1_37' title='bbox 1072 535 1238 570; x_wconf 87' lang='lat' dir='ltr'>mutare</span> <span class='ocrx_word' id='word_1_38' title='bbox 1263 538 1356 569; x_wconf 91' lang='lat' dir='ltr'>non</span> <span class='ocrx_word' id='word_1_39' title='bbox 1380 520 1484 584; x_wconf 90' lang='lat' dir='ltr'>pos-</span> 
     </span>
     <span class='ocr_line' id='line_1_10' title="bbox 202 594 1484 662; baseline -0.004 -17"><span class='ocrx_word' id='word_1_40' title='bbox 202 598 295 646; x_wconf 85' lang='lat' dir='ltr'>fim.</span> <span class='ocrx_word' id='word_1_41' title='bbox 316 615 428 661; x_wconf 88' lang='lat' dir='ltr'>quae</span> <span class='ocrx_word' id='word_1_42' title='bbox 451 601 556 646; x_wconf 84' lang='lat' dir='ltr'>haec</span> <span class='ocrx_word' id='word_1_43' title='bbox 584 599 659 657; x_wconf 85' lang='lat' dir='ltr'>fit,</span> <span class='ocrx_word' id='word_1_44' title='bbox 682 598 882 662; x_wconf 84' lang='lat' dir='ltr'>quaeris?</span> <span class='ocrx_word' id='word_1_45' title='bbox 915 603 955 645; x_wconf 73' lang='grc' dir='ltr'>τὸ</span> <span class='ocrx_word' id='word_1_46' title='bbox 971 604 1020 645; x_wconf 66' lang='grc' dir='ltr'>ὃν.</span> <span class='ocrx_word' id='word_1_47' title='bbox 1051 597 1166 644; x_wconf 81' lang='lat' dir='ltr'>Duri</span> <span class='ocrx_word' id='word_1_48' title='bbox 1184 595 1265 643; x_wconf 88' lang='lat' dir='ltr'>tibi</span> <span class='ocrx_word' id='word_1_49' title='bbox 1284 594 1484 652; x_wconf 85' lang='lat' dir='ltr'>¹videbor</span> 
     </span>
     <span class='ocr_line' id='line_1_11' title="bbox 203 668 1484 734; baseline -0.002 -18"><span class='ocrx_word' id='word_1_50' title='bbox 203 670 401 733; x_wconf 81' lang='lat' dir='ltr'>ingenii:</span> <span class='ocrx_word' id='word_1_51' title='bbox 426 672 471 718; x_wconf 89' lang='lat' dir='ltr'>in</span> <span class='ocrx_word' id='word_1_52' title='bbox 494 672 644 718; x_wconf 88' lang='lat' dir='ltr'>medio</span> <span class='ocrx_word' id='word_1_53' title='bbox 672 671 892 734; x_wconf 77' lang='lat' dir='ltr'>positum,</span> <span class='ocrx_word' id='word_1_54' title='bbox 924 671 1047 734; x_wconf 81' lang='lat' dir='ltr'>posse</span> <span class='ocrx_word' id='word_1_55' title='bbox 1067 669 1125 716; x_wconf 83' lang='lat' dir='ltr'>fic</span> <span class='ocrx_word' id='word_1_56' title='bbox 1152 668 1402 724; x_wconf 79' lang='lat' dir='ltr'><strong>transferri,</strong></span> <span class='ocrx_word' id='word_1_57' title='bbox 1433 678 1484 714; x_wconf 90' lang='lat' dir='ltr'>ut</span> 
     </span>
     <span class='ocr_line' id='line_1_12' title="bbox 202 742 1482 805; baseline -0.001 -17"><span class='ocrx_word' id='word_1_58' title='bbox 202 743 373 801; x_wconf 68' lang='lat' dir='ltr'>dicam,</span> <span class='ocrx_word' id='word_1_59' title='bbox 411 746 550 805; x_wconf 82' lang='lat' dir='ltr'>Quod</span> <span class='ocrx_word' id='word_1_60' title='bbox 584 745 658 792; x_wconf 88' lang='lat' dir='ltr'>est.</span> <span class='ocrx_word' id='word_1_61' title='bbox 688 746 771 792; x_wconf 90' lang='lat' dir='ltr'>Sed</span> <span class='ocrx_word' id='word_1_62' title='bbox 791 745 976 791; x_wconf 83' lang='lat' dir='ltr'>multum</span> <span class='ocrx_word' id='word_1_63' title='bbox 1004 742 1204 790; x_wconf 74' lang='lat' dir='ltr'>interesse</span> <span class='ocrx_word' id='word_1_64' title='bbox 1225 744 1378 788; x_wconf 85' lang='lat' dir='ltr'>video.</span> <span class='ocrx_word' id='word_1_65' title='bbox 1399 757 1482 788; x_wconf 83' lang='lat' dir='ltr'>co·</span> 
     </span>
     <span class='ocr_line' id='line_1_13' title="bbox 199 814 1483 881; baseline 0 -21"><span class='ocrx_word' id='word_1_66' title='bbox 199 831 283 878; x_wconf 85' lang='lat' dir='ltr'>gor</span> <span class='ocrx_word' id='word_1_67' title='bbox 307 817 491 863; x_wconf 81' lang='lat' dir='ltr'>verbum</span> <span class='ocrx_word' id='word_1_68' title='bbox 518 834 600 880; x_wconf 90' lang='lat' dir='ltr'>pro</span> <span class='ocrx_word' id='word_1_69' title='bbox 627 819 850 866; x_wconf 91' lang='lat' dir='ltr'>vocabulo</span> <span class='ocrx_word' id='word_1_70' title='bbox 870 833 1036 881; x_wconf 89' lang='lat' dir='ltr'>ponere</span> <span class='ocrx_word' id='word_1_71' title='bbox 1061 835 1071 863; x_wconf 92' lang='lat'>:</span> <span class='ocrx_word' id='word_1_72' title='bbox 1095 816 1167 862; x_wconf 92' lang='lat' dir='ltr'>sed</span> <span class='ocrx_word' id='word_1_73' title='bbox 1187 816 1232 862; x_wconf 88' lang='lat' dir='ltr'>id</span> <span class='ocrx_word' id='word_1_74' title='bbox 1258 815 1288 861; x_wconf 88' lang='lat' dir='ltr'>fi</span> <span class='ocrx_word' id='word_1_75' title='bbox 1314 814 1483 862; x_wconf 81' lang='lat' dir='ltr'>necesse</span> 
     </span>
     <span class='ocr_line' id='line_1_14' title="bbox 198 887 1485 953; baseline -0.002 -18"><span class='ocrx_word' id='word_1_76' title='bbox 198 889 286 947; x_wconf 86' lang='lat' dir='ltr'>est,</span> <span class='ocrx_word' id='word_1_77' title='bbox 311 907 488 953; x_wconf 86' lang='lat' dir='ltr'>ponam.</span> <span class='ocrx_word' id='word_1_78' title='bbox 517 893 657 952; x_wconf 85' lang='lat' dir='ltr'>Quod</span> <span class='ocrx_word' id='word_1_79' title='bbox 681 893 740 938; x_wconf 90' lang='lat' dir='ltr'>est</span> <span class='ocrx_word' id='word_1_80' title='bbox 756 929 768 950; x_wconf 91' lang='lat'>‚</span> <span class='ocrx_word' id='word_1_81' title='bbox 796 893 866 939; x_wconf 86' lang='lat' dir='ltr'>sex</span> <span class='ocrx_word' id='word_1_82' title='bbox 892 893 1037 939; x_wconf 84' lang='lat' dir='ltr'>modis</span> <span class='ocrx_word' id='word_1_83' title='bbox 1060 892 1147 938; x_wconf 88' lang='lat' dir='ltr'>hoc</span> <span class='ocrx_word' id='word_1_84' title='bbox 1173 908 1198 936; x_wconf 87' lang='lat' dir='ltr'>a</span> <span class='ocrx_word' id='word_1_85' title='bbox 1215 889 1398 935; x_wconf 87' lang='lat' dir='ltr'>Platone</span> <span class='ocrx_word' id='word_1_86' title='bbox 1418 887 1485 934; x_wconf 86' lang='lat' dir='ltr'>di-</span> 
     </span>
     <span class='ocr_line' id='line_1_15' title="bbox 200 961 1485 1021; baseline -0.001 -13"><span class='ocrx_word' id='word_1_87' title='bbox 200 964 266 1021; x_wconf 85' lang='lat' dir='ltr'>ci,</span> <span class='ocrx_word' id='word_1_88' title='bbox 293 965 459 1013; x_wconf 86' lang='lat' dir='ltr'>amicus</span> <span class='ocrx_word' id='word_1_89' title='bbox 486 965 632 1013; x_wconf 85' lang='lat' dir='ltr'>noster</span> <span class='ocrx_word' id='word_1_90' title='bbox 658 967 797 1012; x_wconf 88' lang='lat' dir='ltr'>homo</span> <span class='ocrx_word' id='word_1_91' title='bbox 833 965 1143 1012; x_wconf 76' lang='lat' dir='ltr'>eruditissimus</span> <span class='ocrx_word' id='word_1_92' title='bbox 1171 962 1390 1010; x_wconf 84' lang='lat' dir='ltr'>hodierno</span> <span class='ocrx_word' id='word_1_93' title='bbox 1415 961 1485 1008; x_wconf 87' lang='lat' dir='ltr'>die</span> 
     </span>
     <span class='ocr_line' id='line_1_16' title="bbox 201 1035 1486 1099; baseline -0.002 -17"><span class='ocrx_word' id='word_1_94' title='bbox 201 1035 388 1084; x_wconf 88' lang='lat' dir='ltr'>dicebat.</span> <span class='ocrx_word' id='word_1_95' title='bbox 416 1040 598 1085; x_wconf 39' lang='lat' dir='ltr'>*Omnes</span> <span class='ocrx_word' id='word_1_96' title='bbox 624 1037 704 1084; x_wconf 87' lang='lat' dir='ltr'>tibi</span> <span class='ocrx_word' id='word_1_97' title='bbox 735 1053 976 1099; x_wconf 79' lang='lat' dir='ltr'>exponam,</span> <span class='ocrx_word' id='word_1_98' title='bbox 1011 1036 1042 1083; x_wconf 86' lang='lat' dir='ltr'><strong>fi</strong></span> <span class='ocrx_word' id='word_1_99' title='bbox 1072 1051 1172 1083; x_wconf 77' lang='lat' dir='ltr'>ante</span> <span class='ocrx_word' id='word_1_100' title='bbox 1198 1035 1486 1090; x_wconf 85' lang='lat' dir='ltr'>indicavero,</span> 
     </span>
     <span class='ocr_line' id='line_1_17' title="bbox 202 1107 1482 1175; baseline -0.002 -20"><span class='ocrx_word' id='word_1_101' title='bbox 202 1109 285 1155; x_wconf 78' lang='lat' dir='ltr'>effe</span> <span class='ocrx_word' id='word_1_102' title='bbox 307 1110 487 1173; x_wconf 77' lang='lat' dir='ltr'>aliquod</span> <span class='ocrx_word' id='word_1_103' title='bbox 516 1127 680 1174; x_wconf 76' lang='lat' dir='ltr'>genus,</span> <span class='ocrx_word' id='word_1_104' title='bbox 703 1110 787 1158; x_wconf 82' lang='lat' dir='ltr'>effe</span> <span class='ocrx_word' id='word_1_105' title='bbox 804 1124 847 1159; x_wconf 87' lang='lat' dir='ltr'>et</span> <span class='ocrx_word' id='word_1_106' title='bbox 872 1110 1075 1175; x_wconf 87' lang='lat' dir='ltr'>speciem.</span> <span class='ocrx_word' id='word_1_107' title='bbox 1101 1110 1236 1156; x_wconf 86' lang='lat' dir='ltr'>Nunc</span> <span class='ocrx_word' id='word_1_108' title='bbox 1253 1107 1369 1155; x_wconf 88' lang='lat' dir='ltr'>enim</span> <span class='ocrx_word' id='word_1_109' title='bbox 1391 1107 1482 1169; x_wconf 83' lang='lat' dir='ltr'>pri-</span> 
     </span>
     <span class='ocr_line' id='line_1_18' title="bbox 199 1179 1482 1247; baseline -0.001 -20"><span class='ocrx_word' id='word_1_110' title='bbox 199 1199 324 1228; x_wconf 85' lang='lat' dir='ltr'>mum</span> <span class='ocrx_word' id='word_1_111' title='bbox 353 1182 458 1229; x_wconf 88' lang='lat' dir='ltr'>illud</span> <span class='ocrx_word' id='word_1_112' title='bbox 479 1198 614 1247; x_wconf 87' lang='lat' dir='ltr'>genus</span> <span class='ocrx_word' id='word_1_113' title='bbox 633 1184 883 1246; x_wconf 80' lang='lat' dir='ltr'>quaerimus</span> <span class='ocrx_word' id='word_1_114' title='bbox 899 1219 913 1242; x_wconf 86' lang='lat'>,</span> <span class='ocrx_word' id='word_1_115' title='bbox 936 1201 991 1231; x_wconf 85' lang='lat' dir='ltr'>ex</span> <span class='ocrx_word' id='word_1_116' title='bbox 1016 1199 1108 1247; x_wconf 88' lang='lat' dir='ltr'>quo</span> <span class='ocrx_word' id='word_1_117' title='bbox 1126 1194 1294 1230; x_wconf 89' lang='lat' dir='ltr'>ceterae</span> <span class='ocrx_word' id='word_1_118' title='bbox 1317 1179 1482 1243; x_wconf 83' lang='lat' dir='ltr'>species</span> 
     </span>
     <span class='ocr_line' id='line_1_19' title="bbox 200 1253 1485 1319; baseline -0.001 -19"><span class='ocrx_word' id='word_1_119' title='bbox 200 1253 422 1317; x_wconf 81' lang='lat' dir='ltr'>suspensae</span> <span class='ocrx_word' id='word_1_120' title='bbox 453 1256 580 1314; x_wconf 90' lang='lat' dir='ltr'>sunt,</span> <span class='ocrx_word' id='word_1_121' title='bbox 607 1273 630 1302; x_wconf 93' lang='lat' dir='ltr'>a</span> <span class='ocrx_word' id='word_1_122' title='bbox 660 1273 752 1319; x_wconf 76' lang='lat' dir='ltr'>quo</span> <span class='ocrx_word' id='word_1_123' title='bbox 787 1257 974 1305; x_wconf 81' lang='lat' dir='ltr'>nascitur</span> <span class='ocrx_word' id='word_1_124' title='bbox 1001 1258 1148 1304; x_wconf 86' lang='lat' dir='ltr'>omnis</span> <span class='ocrx_word' id='word_1_125' title='bbox 1180 1255 1363 1312; x_wconf 76' lang='lat' dir='ltr'>divisio,</span> <span class='ocrx_word' id='word_1_126' title='bbox 1391 1269 1485 1317; x_wconf 89' lang='lat' dir='ltr'>quo</span> 
     </span>
     <span class='ocr_line' id='line_1_20' title="bbox 200 1325 1484 1393; baseline -0.001 -19"><span class='ocrx_word' id='word_1_127' title='bbox 200 1329 406 1376; x_wconf 87' lang='lat' dir='ltr'>universa</span> <span class='ocrx_word' id='word_1_128' title='bbox 441 1331 755 1393; x_wconf 84' lang='lat' dir='ltr'>comprehensa</span> <span class='ocrx_word' id='word_1_129' title='bbox 794 1331 901 1378; x_wconf 84' lang='lat' dir='ltr'>sunt.</span> <span class='ocrx_word' id='word_1_130' title='bbox 950 1330 1204 1379; x_wconf 81' lang='lat' dir='ltr'>Invenietur</span> <span class='ocrx_word' id='word_1_131' title='bbox 1238 1342 1417 1385; x_wconf 88' lang='lat' dir='ltr'>autem,</span> <span class='ocrx_word' id='word_1_132' title='bbox 1451 1325 1484 1372; x_wconf 86' lang='lat' dir='ltr'><strong>fi</strong></span> 
     </span>
     <span class='ocr_line' id='line_1_21' title="bbox 160 1402 1484 1468; baseline 0.002 -22"><span class='ocrx_word' id='word_1_133' title='bbox 160 1444 163 1445; x_wconf 14' lang='grc' dir='ltr'><em>γ</em></span> <span class='ocrx_word' id='word_1_134' title='bbox 199 1402 477 1464; x_wconf 86' lang='lat' dir='ltr'>coeperimus</span> <span class='ocrx_word' id='word_1_135' title='bbox 504 1404 666 1468; x_wconf 77' lang='lat' dir='ltr'>singula</span> <span class='ocrx_word' id='word_1_136' title='bbox 691 1418 809 1452; x_wconf 87' lang='lat' dir='ltr'>retro</span> <span class='ocrx_word' id='word_1_137' title='bbox 844 1406 1001 1467; x_wconf 82' lang='lat' dir='ltr'>legere.</span> <span class='ocrx_word' id='word_1_138' title='bbox 1033 1404 1090 1451; x_wconf 87' lang='lat' dir='ltr'>fic</span> <span class='ocrx_word' id='word_1_139' title='bbox 1119 1404 1235 1450; x_wconf 78' lang='lat' dir='ltr'>enim</span> <span class='ocrx_word' id='word_1_140' title='bbox 1265 1403 1484 1466; x_wconf 83' lang='lat' dir='ltr'>perduce-</span> 
     </span>
     <span class='ocr_line' id='line_1_22' title="bbox 199 1474 1483 1539; baseline 0.001 -19"><span class='ocrx_word' id='word_1_141' title='bbox 199 1491 300 1520; x_wconf 85' lang='lat' dir='ltr'>mur</span> <span class='ocrx_word' id='word_1_142' title='bbox 316 1476 368 1521; x_wconf 88' lang='lat' dir='ltr'>ad</span> <span class='ocrx_word' id='word_1_143' title='bbox 390 1476 593 1538; x_wconf 84' lang='lat' dir='ltr'>primurn.</span> <span class='ocrx_word' id='word_1_144' title='bbox 614 1478 768 1526; x_wconf 86' lang='lat' dir='ltr'>Homo</span> <span class='ocrx_word' id='word_1_145' title='bbox 788 1478 952 1539; x_wconf 75' lang='lat' dir='ltr'>species</span> <span class='ocrx_word' id='word_1_146' title='bbox 970 1477 1045 1535; x_wconf 86' lang='lat' dir='ltr'>est,</span> <span class='ocrx_word' id='word_1_147' title='bbox 1065 1488 1110 1523; x_wconf 90' lang='lat' dir='ltr'>ut</span> <span class='ocrx_word' id='word_1_148' title='bbox 1126 1476 1379 1523; x_wconf 80' lang='lat' dir='ltr'>Aristoteles</span> <span class='ocrx_word' id='word_1_149' title='bbox 1399 1474 1483 1521; x_wconf 90' lang='lat' dir='ltr'>ait:</span> 
     </span>
     <span class='ocr_line' id='line_1_23' title="bbox 198 1547 1484 1613; baseline 0 -21"><span class='ocrx_word' id='word_1_150' title='bbox 198 1563 335 1610; x_wconf 84' lang='lat' dir='ltr'>equus</span> <span class='ocrx_word' id='word_1_151' title='bbox 362 1548 524 1611; x_wconf 80' lang='lat' dir='ltr'>species</span> <span class='ocrx_word' id='word_1_152' title='bbox 547 1549 629 1604; x_wconf 84' lang='lat' dir='ltr'>est,</span> <span class='ocrx_word' id='word_1_153' title='bbox 665 1552 784 1597; x_wconf 86' lang='lat' dir='ltr'>canis</span> <span class='ocrx_word' id='word_1_154' title='bbox 815 1550 989 1612; x_wconf 73' lang='lat' dir='ltr'>species,</span> <span class='ocrx_word' id='word_1_155' title='bbox 1018 1566 1124 1613; x_wconf 83' lang='lat' dir='ltr'>ergo</span> <span class='ocrx_word' id='word_1_156' title='bbox 1147 1564 1384 1596; x_wconf 86' lang='lat' dir='ltr'>commune</span> <span class='ocrx_word' id='word_1_157' title='bbox 1405 1547 1484 1593; x_wconf 85' lang='lat' dir='ltr'>ali-</span> 
     </span>
     <span class='ocr_line' id='line_1_24' title="bbox 198 1620 1482 1684; baseline -0.001 -18"><span class='ocrx_word' id='word_1_158' title='bbox 198 1621 323 1682; x_wconf 89' lang='lat' dir='ltr'>quod</span> <span class='ocrx_word' id='word_1_159' title='bbox 349 1623 650 1684; x_wconf 86' lang='lat' dir='ltr'>quaerendum</span> <span class='ocrx_word' id='word_1_160' title='bbox 678 1622 738 1668; x_wconf 89' lang='lat' dir='ltr'>est</span> <span class='ocrx_word' id='word_1_161' title='bbox 765 1623 830 1669; x_wconf 64' lang='lat' dir='ltr'>his</span> <span class='ocrx_word' id='word_1_162' title='bbox 856 1623 1060 1669; x_wconf 73' lang='lat' dir='ltr'>omnibus</span> <span class='ocrx_word' id='word_1_163' title='bbox 1087 1620 1338 1675; x_wconf 84' lang='lat' dir='ltr'>vinculum,</span> <span class='ocrx_word' id='word_1_164' title='bbox 1359 1620 1482 1684; x_wconf 86' lang='lat' dir='ltr'>quod</span> 
     </span>
     <span class='ocr_line' id='line_1_25' title="bbox 197 1691 1481 1756; baseline 0.002 -19"><span class='ocrx_word' id='word_1_165' title='bbox 197 1691 270 1738; x_wconf 84' lang='lat' dir='ltr'>illa</span> <span class='ocrx_word' id='word_1_166' title='bbox 298 1695 640 1756; x_wconf 56' lang='lat' dir='ltr'>complefffitur,</span> <span class='ocrx_word' id='word_1_167' title='bbox 672 1707 714 1740; x_wconf 88' lang='lat' dir='ltr'>et</span> <span class='ocrx_word' id='word_1_168' title='bbox 743 1694 818 1740; x_wconf 91' lang='lat' dir='ltr'>sub</span> <span class='ocrx_word' id='word_1_169' title='bbox 846 1694 887 1741; x_wconf 86' lang='lat' dir='ltr'>se</span> <span class='ocrx_word' id='word_1_170' title='bbox 912 1695 1080 1740; x_wconf 84' lang='lat' dir='ltr'>habeat.</span> <span class='ocrx_word' id='word_1_171' title='bbox 1111 1695 1215 1739; x_wconf 85' lang='lat' dir='ltr'>Hoc</span> <span class='ocrx_word' id='word_1_172' title='bbox 1241 1693 1349 1755; x_wconf 86' lang='lat' dir='ltr'>quid</span> <span class='ocrx_word' id='word_1_173' title='bbox 1379 1692 1439 1740; x_wconf 88' lang='lat' dir='ltr'>est</span> <span class='ocrx_word' id='word_1_174' title='bbox 1462 1692 1481 1739; x_wconf 78' lang='lat'>?</span> 
     </span>
     <span class='ocr_line' id='line_1_26' title="bbox 198 1765 1482 1830; baseline 0.002 -20"><span class='ocrx_word' id='word_1_175' title='bbox 198 1765 374 1811; x_wconf 84' lang='lat' dir='ltr'>animal.</span> <span class='ocrx_word' id='word_1_176' title='bbox 403 1768 522 1828; x_wconf 85' lang='lat' dir='ltr'>Ergo</span> <span class='ocrx_word' id='word_1_177' title='bbox 543 1783 676 1830; x_wconf 82' lang='lat' dir='ltr'>genus</span> <span class='ocrx_word' id='word_1_178' title='bbox 695 1765 778 1813; x_wconf 74' lang='lat' dir='ltr'>effe</span> <span class='ocrx_word' id='word_1_179' title='bbox 800 1767 948 1829; x_wconf 86' lang='lat' dir='ltr'>coepit</span> <span class='ocrx_word' id='word_1_180' title='bbox 967 1765 1167 1811; x_wconf 84' lang='lat' dir='ltr'>omnium</span> <span class='ocrx_word' id='word_1_181' title='bbox 1186 1766 1347 1811; x_wconf 90' lang='lat' dir='ltr'>horum</span> <span class='ocrx_word' id='word_1_182' title='bbox 1370 1780 1482 1828; x_wconf 82' lang='lat' dir='ltr'>quae</span> 
     </span>
     <span class='ocr_line' id='line_1_27' title="bbox 199 1837 1483 1902; baseline -0.001 -18"><span class='ocrx_word' id='word_1_183' title='bbox 199 1838 341 1884; x_wconf 90' lang='lat' dir='ltr'>modo</span> <span class='ocrx_word' id='word_1_184' title='bbox 367 1839 518 1897; x_wconf 81' lang='lat' dir='ltr'>retuli,</span> <span class='ocrx_word' id='word_1_185' title='bbox 543 1839 751 1897; x_wconf 77' lang='lat' dir='ltr'>hominis,</span> <span class='ocrx_word' id='word_1_186' title='bbox 777 1840 904 1902; x_wconf 75' lang='lat' dir='ltr'>equi,</span> <span class='ocrx_word' id='word_1_187' title='bbox 925 1839 1062 1897; x_wconf 85' lang='lat' dir='ltr'>canis,</span> <span class='ocrx_word' id='word_1_188' title='bbox 1081 1839 1253 1885; x_wconf 84' lang='lat' dir='ltr'>animal.</span> <span class='ocrx_word' id='word_1_189' title='bbox 1281 1839 1366 1885; x_wconf 85' lang='lat' dir='ltr'>Sed</span> <span class='ocrx_word' id='word_1_190' title='bbox 1383 1837 1483 1884; x_wconf 87' lang='lat' dir='ltr'>sunt</span> 
     </span>
     <span class='ocr_line' id='line_1_28' title="bbox 199 1911 1482 1974; baseline 0 -18"><span class='ocrx_word' id='word_1_191' title='bbox 199 1912 413 1974; x_wconf 83' lang='lat' dir='ltr'>quaedam</span> <span class='ocrx_word' id='word_1_192' title='bbox 432 1947 445 1969; x_wconf 90' lang='lat'>‚</span> <span class='ocrx_word' id='word_1_193' title='bbox 471 1917 583 1974; x_wconf 82' lang='lat' dir='ltr'>quae</span> <span class='ocrx_word' id='word_1_194' title='bbox 603 1912 793 1958; x_wconf 85' lang='lat' dir='ltr'>animam</span> <span class='ocrx_word' id='word_1_195' title='bbox 820 1913 1010 1968; x_wconf 86' lang='lat' dir='ltr'>habent,</span> <span class='ocrx_word' id='word_1_196' title='bbox 1041 1928 1122 1958; x_wconf 87' lang='lat' dir='ltr'>nec</span> <span class='ocrx_word' id='word_1_197' title='bbox 1148 1911 1242 1957; x_wconf 80' lang='lat' dir='ltr'>sunt</span> <span class='ocrx_word' id='word_1_198' title='bbox 1262 1912 1482 1957; x_wconf 86' lang='lat' dir='ltr'>animalia.</span> 
     </span>
     <span class='ocr_line' id='line_1_29' title="bbox 199 1983 1480 2047; baseline 0.003 -20"><span class='ocrx_word' id='word_1_199' title='bbox 199 1983 341 2044; x_wconf 76' lang='lat' dir='ltr'>placet</span> <span class='ocrx_word' id='word_1_200' title='bbox 376 1983 493 2030; x_wconf 88' lang='lat' dir='ltr'>enim</span> <span class='ocrx_word' id='word_1_201' title='bbox 529 1983 625 2031; x_wconf 87' lang='lat' dir='ltr'>satis</span> <span class='ocrx_word' id='word_1_202' title='bbox 654 1996 698 2031; x_wconf 89' lang='lat' dir='ltr'>et</span> <span class='ocrx_word' id='word_1_203' title='bbox 727 1985 905 2031; x_wconf 83' lang='lat' dir='ltr'>arbustis</span> <span class='ocrx_word' id='word_1_204' title='bbox 932 1984 1121 2030; x_wconf 88' lang='lat' dir='ltr'>animam</span> <span class='ocrx_word' id='word_1_205' title='bbox 1158 1983 1301 2030; x_wconf 79' lang='lat' dir='ltr'>ineffe.</span> <span class='ocrx_word' id='word_1_206' title='bbox 1335 1983 1480 2047; x_wconf 83' lang='lat' dir='ltr'>itaque</span> 
     </span>
     <span class='ocr_line' id='line_1_30' title="bbox 199 2055 1478 2120; baseline 0.001 -18"><span class='ocrx_word' id='word_1_207' title='bbox 199 2070 246 2103; x_wconf 88' lang='lat' dir='ltr'>et</span> <span class='ocrx_word' id='word_1_208' title='bbox 272 2055 426 2102; x_wconf 90' lang='lat' dir='ltr'>vivere</span> <span class='ocrx_word' id='word_1_209' title='bbox 448 2056 517 2102; x_wconf 88' lang='lat' dir='ltr'>illa</span> <span class='ocrx_word' id='word_1_210' title='bbox 533 2092 546 2114; x_wconf 92' lang='lat'>‚</span> <span class='ocrx_word' id='word_1_211' title='bbox 565 2068 607 2103; x_wconf 90' lang='lat' dir='ltr'>et</span> <span class='ocrx_word' id='word_1_212' title='bbox 635 2056 751 2103; x_wconf 89' lang='lat' dir='ltr'>mori</span> <span class='ocrx_word' id='word_1_213' title='bbox 776 2056 977 2104; x_wconf 86' lang='lat' dir='ltr'>dicimus.</span> <span class='ocrx_word' id='word_1_214' title='bbox 1006 2058 1127 2120; x_wconf 83' lang='lat' dir='ltr'>Ergo</span> <span class='ocrx_word' id='word_1_215' title='bbox 1157 2055 1390 2103; x_wconf 84' lang='lat' dir='ltr'>animantia</span> <span class='ocrx_word' id='word_1_216' title='bbox 1410 2056 1478 2103; x_wconf 87' lang='lat' dir='ltr'>su-</span> 
     </span>
     <span class='ocr_line' id='line_1_31' title="bbox 200 2128 1480 2194; baseline 0.002 -20"><span class='ocrx_word' id='word_1_217' title='bbox 200 2128 424 2192; x_wconf 72' lang='lat' dir='ltr'>periorem</span> <span class='ocrx_word' id='word_1_218' title='bbox 452 2129 661 2178; x_wconf 83' lang='lat' dir='ltr'>tenebunt</span> <span class='ocrx_word' id='word_1_219' title='bbox 682 2131 830 2178; x_wconf 86' lang='lat' dir='ltr'>locum</span> <span class='ocrx_word' id='word_1_220' title='bbox 844 2166 858 2189; x_wconf 89' lang='lat'>‚</span> <span class='ocrx_word' id='word_1_221' title='bbox 886 2131 986 2194; x_wconf 87' lang='lat' dir='ltr'>quia</span> <span class='ocrx_word' id='word_1_222' title='bbox 1006 2130 1206 2177; x_wconf 85' lang='lat' dir='ltr'>animalia</span> <span class='ocrx_word' id='word_1_223' title='bbox 1224 2130 1270 2177; x_wconf 90' lang='lat' dir='ltr'>in</span> <span class='ocrx_word' id='word_1_224' title='bbox 1287 2133 1366 2178; x_wconf 89' lang='lat' dir='ltr'>hac</span> <span class='ocrx_word' id='word_1_225' title='bbox 1384 2129 1480 2178; x_wconf 83' lang='lat' dir='ltr'>for-</span> 
     </span>
     <span class='ocr_line' id='line_1_32' title="bbox 199 2202 1479 2265; baseline 0.001 -16"><span class='ocrx_word' id='word_1_226' title='bbox 199 2218 271 2249; x_wconf 88' lang='lat' dir='ltr'>ma</span> <span class='ocrx_word' id='word_1_227' title='bbox 291 2202 420 2257; x_wconf 89' lang='lat' dir='ltr'>sunt,</span> <span class='ocrx_word' id='word_1_228' title='bbox 453 2215 496 2250; x_wconf 90' lang='lat' dir='ltr'>et</span> <span class='ocrx_word' id='word_1_229' title='bbox 519 2203 618 2250; x_wconf 89' lang='lat' dir='ltr'>sata.</span> <span class='ocrx_word' id='word_1_230' title='bbox 655 2205 884 2265; x_wconf 84' lang='lat' dir='ltr'>Quaedam</span> <span class='ocrx_word' id='word_1_231' title='bbox 915 2204 1058 2250; x_wconf 90' lang='lat' dir='ltr'>anima</span> <span class='ocrx_word' id='word_1_232' title='bbox 1087 2216 1262 2263; x_wconf 85' lang='lat' dir='ltr'>carent,</span> <span class='ocrx_word' id='word_1_233' title='bbox 1286 2214 1335 2250; x_wconf 89' lang='lat' dir='ltr'>ut</span> <span class='ocrx_word' id='word_1_234' title='bbox 1365 2204 1479 2250; x_wconf 84' lang='lat' dir='ltr'>saxa.</span> 
     </span>
     <span class='ocr_line' id='line_1_33' title="bbox 198 2273 1482 2340; baseline 0.002 -19"><span class='ocrx_word' id='word_1_235' title='bbox 198 2273 346 2338; x_wconf 88' lang='lat' dir='ltr'>itaque</span> <span class='ocrx_word' id='word_1_236' title='bbox 387 2275 552 2338; x_wconf 87' lang='lat' dir='ltr'>aliquid</span> <span class='ocrx_word' id='word_1_237' title='bbox 585 2275 667 2323; x_wconf 87' lang='lat' dir='ltr'>erit</span> <span class='ocrx_word' id='word_1_238' title='bbox 701 2276 994 2324; x_wconf 85' lang='lat' dir='ltr'>animantibus</span> <span class='ocrx_word' id='word_1_239' title='bbox 1029 2277 1279 2340; x_wconf 83' lang='lat' dir='ltr'>antiquius,</span> <span class='ocrx_word' id='word_1_240' title='bbox 1320 2277 1482 2324; x_wconf 80' lang='lat' dir='ltr'>scilicet</span> 
     </span>
     <span class='ocr_line' id='line_1_34' title="bbox 199 2350 1478 2414; baseline -0.001 -17"><span class='ocrx_word' id='word_1_241' title='bbox 199 2366 380 2412; x_wconf 87' lang='lat' dir='ltr'>corpus.</span> <span class='ocrx_word' id='word_1_242' title='bbox 409 2351 495 2397; x_wconf 89' lang='lat' dir='ltr'>hoc</span> <span class='ocrx_word' id='word_1_243' title='bbox 518 2350 577 2397; x_wconf 85' lang='lat' dir='ltr'>fic</span> <span class='ocrx_word' id='word_1_244' title='bbox 598 2350 813 2409; x_wconf 83' lang='lat' dir='ltr'>dividam,</span> <span class='ocrx_word' id='word_1_245' title='bbox 834 2363 883 2397; x_wconf 93' lang='lat' dir='ltr'>ut</span> <span class='ocrx_word' id='word_1_246' title='bbox 909 2351 1050 2398; x_wconf 89' lang='lat' dir='ltr'>dicam</span> <span class='ocrx_word' id='word_1_247' title='bbox 1069 2387 1083 2410; x_wconf 84' lang='lat'><em>‚</em></span> <span class='ocrx_word' id='word_1_248' title='bbox 1110 2367 1301 2414; x_wconf 85' lang='lat' dir='ltr'>corpora</span> <span class='ocrx_word' id='word_1_249' title='bbox 1328 2350 1478 2397; x_wconf 79' lang='lat' dir='ltr'>omnia</span> 
     </span>
     <span class='ocr_line' id='line_1_35' title="bbox 201 2423 1479 2479; baseline 0.002 -10"><span class='ocrx_word' id='word_1_250' title='bbox 201 2437 275 2470; x_wconf 85' lang='lat' dir='ltr'>aut</span> <span class='ocrx_word' id='word_1_251' title='bbox 303 2424 490 2471; x_wconf 86' lang='lat' dir='ltr'>animata</span> <span class='ocrx_word' id='word_1_252' title='bbox 511 2423 595 2471; x_wconf 81' lang='lat' dir='ltr'>effe</span> <span class='ocrx_word' id='word_1_253' title='bbox 608 2458 622 2479; x_wconf 92' lang='lat'>,</span> <span class='ocrx_word' id='word_1_254' title='bbox 643 2437 716 2472; x_wconf 87' lang='lat' dir='ltr'>aut</span> <span class='ocrx_word' id='word_1_255' title='bbox 739 2424 1037 2472; x_wconf 85' lang='lat' dir='ltr'>inanimantia.</span> <span class='ocrx_word' id='word_1_256' title='bbox 1057 2424 1309 2472; x_wconf 84' lang='lat' dir='ltr'>Etiamnum</span> <span class='ocrx_word' id='word_1_257' title='bbox 1330 2423 1390 2471; x_wconf 84' lang='lat' dir='ltr'>est</span> <span class='ocrx_word' id='word_1_258' title='bbox 1409 2424 1479 2471; x_wconf 89' lang='lat' dir='ltr'>ali-</span> 
     </span>
     <span class='ocr_line' id='line_1_36' title="bbox 197 2494 1475 2562; baseline 0.002 -20"><span class='ocrx_word' id='word_1_259' title='bbox 197 2494 307 2559; x_wconf 90' lang='lat' dir='ltr'>quid</span> <span class='ocrx_word' id='word_1_260' title='bbox 336 2495 556 2559; x_wconf 79' lang='lat' dir='ltr'>superins,</span> <span class='ocrx_word' id='word_1_261' title='bbox 580 2513 713 2562; x_wconf 86' lang='lat' dir='ltr'>quam</span> <span class='ocrx_word' id='word_1_262' title='bbox 745 2511 921 2562; x_wconf 89' lang='lat' dir='ltr'>corpus.</span> <span class='ocrx_word' id='word_1_263' title='bbox 961 2495 1167 2545; x_wconf 81' lang='lat' dir='ltr'>Dicimus</span> <span class='ocrx_word' id='word_1_264' title='bbox 1194 2495 1312 2546; x_wconf 88' lang='lat' dir='ltr'>enim</span> <span class='ocrx_word' id='word_1_265' title='bbox 1337 2513 1475 2562; x_wconf 82' lang='lat' dir='ltr'>quae·</span> 
     </span>
    </p>
   </div>
  </div>
 </body>
</html>
