1807 3004
547 212 1124 261 EPISTOLAE.
1390 229 1472 273 ψ

202 341 286 388 ego
307 339 418 386 nego
438 319 739 386 prospicienda
758 319 859 365 ista:
878 319 948 365 sed
968 316 1276 381 prospicienda
1294 329 1480 377 tantum,

203 411 244 443 et
263 414 287 442 a
306 397 455 442 limine
482 394 695 440 salutanda
710 428 723 451 ‚
751 394 796 438 in
816 393 902 438 hoc
923 408 1086 450 unum,
1117 408 1175 438 ne
1199 393 1336 438 verba
1358 395 1486 441 nobis

205 474 386 525 dentur,
417 480 459 513 et
483 467 645 527 aliquid
670 466 755 512 effe
783 467 826 511 in
853 466 935 512 illis
961 466 1107 529 magni
1128 482 1178 511 ac
1203 465 1352 514 secreti
1376 468 1485 514 boni

208 543 462 589 iudicemus.
491 539 614 600 Quid
644 554 687 585 te
718 553 900 601 torques
929 553 973 585 et
993 555 1182 585 maceras
1201 538 1245 584 in
1271 555 1322 584 ea
1349 557 1486 603 quae-¹

207 613 367 670 stione,
386 628 516 674 quam
536 610 728 657 subtilius
747 610 806 656 est
826 609 1093 657 contemsisse
1106 643 1119 665 ,
1137 627 1268 673 quam
1285 612 1488 661 solvere?

208 683 355 730 Securi
376 682 460 739 est,
490 694 533 727 et
552 699 606 728 ex
636 682 882 728 commodo
912 682 1136 744 migrantis
1155 718 1168 739 ,
1195 683 1357 730 minuta
1375 701 1489 731 con-

209 756 395 818 quirere.
420 755 540 800 Cum·
567 753 701 800 hostis
721 753 886 800 instata
905 766 1058 817 tergo,
1089 767 1132 800 et
1157 771 1342 802 movere
1358 757 1490 804 iuffus

208 829 268 875 est
293 829 414 875 miles
428 864 440 885 ‚
462 827 624 874 excutit
649 827 869 873 neceffitas
889 827 1105 890 quidquid
1132 845 1215 890 pax
1236 830 1376 875 otiosa
1397 831 1491 877 col-

210 901 386 963 legerat.
413 900 518 946 Non
548 910 675 945 vacat
707 898 814 961 mihi
845 899 980 944 verba
1005 898 1133 944 dubie
1158 900 1354 947 cadentia
1376 918 1491 949 con-

214 973 359 1020 sectari
376 1005 389 1027 ‚
416 986 459 1020 et
486 971 704 1020 vafritiam
727 970 773 1015 in
801 970 883 1017 illis
902 987 1043 1017 meam
1062 971 1267 1033 experiri.

283 1081 464 1141 Adspice
490 1081 561 1141 qui
591 1093 733 1124 coeant
742 1078 917 1138 populi,
942 1097 1043 1138 quae
1062 1081 1226 1124 moenia
1250 1083 1342 1125 clau
1358 1099 1411 1128 ts.

279 1156 445 1198 Fenum
473 1167 629 1197 acuant
642 1153 789 1212 portis.

217 1261 383 1323 Magno
400 1259 508 1306 mihi
525 1258 676 1304 animo
699 1257 900 1320 strepitus
916 1257 992 1305 iste
1012 1259 1112 1306 belli
1137 1260 1494 1311 circumsonantis

217 1331 517 1378 exaudiendus
543 1329 616 1376 est.
648 1330 846 1376 Demens
876 1329 1081 1376 omnibus
1109 1331 1270 1377 merito
1293 1332 1495 1392 viderer⁹

217 1403 246 1447 si
262 1439 275 1461 ,
303 1420 403 1448 cum
426 1394 523 1450 saxa
542 1403 586 1448 in
615 1401 935 1446 munimentum
968 1417 1196 1463 murorum
1220 1403 1339 1451 senes
1363 1403 1494 1451 femi-

219 1491 386 1538 uaeque
417 1487 729 1536 congererent3
762 1488 862 1517 cum
893 1473 1094 1518 iuventus
1120 1473 1227 1519 intra
1252 1488 1400 1537 portas
1424 1493 1497 1523 ar«

220 1558 333 1591 mata
365 1545 529 1607 signum
562 1542 808 1606 eruptionis
843 1544 1137 1604 exspectaret,
1171 1547 1495 1608 autposceret3

221 1636 321 1665 cum
339 1618 510 1664 hostilia
534 1617 578 1663 in
603 1616 743 1679 portis
760 1616 843 1662 teia
867 1616 1118 1675 vibrarent,
1137 1630 1181 1664 et
1201 1618 1341 1680 ipsum
1357 1620 1497 1667 solum

222 1692 547 1740 suffossionibus
564 1702 606 1737 et
623 1688 834 1737 cuniculis
853 1701 1084 1745 tremeret3
1103 1690 1294 1737 sederem
1313 1691 1500 1751 otiosus,

222 1782 265 1815 et
284 1767 499 1814 eiusmodi
525 1764 867 1830 quaestiunculas
894 1779 1066 1825 ponens
1089 1782 1100 1810 :
1123 1765 1260 1825 Quod
1282 1783 1373 1812 non
1398 1785 1501 1829 per-

226 1841 367 1888 didisti
383 1877 396 1898 ‚
423 1841 579 1887 habes:
598 1855 764 1887 cornua
786 1850 930 1884 autem
952 1853 1043 1883 non
1068 1837 1317 1899 perdidisti:
1338 1856 1504 1888 cornua

225 1930 331 1977 ergo
350 1914 510 1959 habes:
537 1911 706 1974 aliaque
723 1910 779 1957 ad
797 1909 1050 1971 exemplum
1069 1909 1197 1956 huius
1223 1924 1373 1958 acutae
1391 1913 1502 1959 deii-

227 1986 407 2032 rationis
428 1975 700 2033 concinnata.
716 1982 850 2046 Atqui
867 1998 1004 2046 aeque
1021 1982 1122 2029 licet
1141 1982 1319 2029 demens
1338 1985 1416 2030 tibi
1434 1986 1504 2032 xri-0

228 2061 357 2116 dear,
385 2058 417 2103 fi
445 2052 533 2103 istis
556 2056 815 2119 impendero
848 2070 1046 2117 operam,
1069 2070 1112 2101 et
1141 2072 1256 2103 nunc
1286 2058 1504 2107 obfideor,¹

229 2131 360 2177 Tunc
384 2142 528 2176 tamen
554 2128 798 2191 periculum
827 2126 937 2172 mihi
960 2126 1132 2173 obseffo
1161 2140 1388 2175 externum
1421 2131 1505 2176 imm

233 2205 415 2251 mineret
430 2239 442 2260 ‚
466 2220 615 2250 murus
640 2220 712 2249 me
731 2204 784 2248 ab
804 2202 928 2249 hoste
952 2201 1224 2253 secerneret:
1250 2220 1366 2250 nunc
1383 2221 1505 2251 mor«

230 2275 358 2321 tisera
377 2291 550 2321 mecum
571 2274 680 2322 sunt.
698 2274 805 2320 Non
822 2290 935 2319 vaco
951 2273 1006 2318 ad
1024 2272 1124 2320 istas
1140 2273 1333 2335 ineptias.
1354 2275 1507 2339 ingens

235 2347 461 2410 negotium
482 2348 527 2393 in
546 2347 744 2393 manibus
760 2345 833 2393 cst.
865 2346 987 2406 Quid
1008 2348 1165 2410 agam?
1194 2364 1314 2394 mors
1341 2365 1412 2395 me
1437 2350 1506 2396 se-

235 2422 381 2484 quitur
397 2456 412 2479 ,
446 2419 558 2483 fugit
585 2420 706 2468 vita:
733 2418 936 2466 adversus
964 2419 1069 2466 haec
1093 2435 1166 2466 me
1196 2420 1308 2467 doce
1331 2420 1509 2484 aliquid,

237 2492 362 2542 effice
388 2509 443 2540 ne
468 2508 552 2555 ego
578 2502 768 2539 mortem
786 2490 977 2555 fugiam,
1000 2490 1090 2541 vita
1118 2507 1188 2540 me
1211 2508 1303 2539 non
1319 2491 1510 2558 effugiam
