1807 3004
551 215 1134 264 EPISTOLAE.
1419 231 1478 281 45

205 325 426 376 creverint
447 343 458 370 :
479 342 561 372 nec
586 325 700 371 vires
720 341 908 388 unquam
928 324 1068 387 opimi
1091 322 1218 369 bovis
1233 357 1246 380 ‚
1267 339 1346 371 nec
1370 340 1485 387 pon-

208 405 292 448 dus
326 399 543 462 aequabis.
578 398 730 444 Adiice
766 408 901 455 nunc,
931 399 1053 460 quod
1084 397 1250 442 maiore
1283 396 1485 458 corporis

206 475 370 522 sarcina
387 474 556 520 animus
586 473 790 529 eliditur,
819 486 861 518 et
889 474 1032 518 minus
1062 472 1181 535 agilis
1209 470 1281 517 est.
1302 473 1486 534 ltaque,

204 560 421 610 quantum
444 557 567 608 potes
583 550 609 599 ‚'
627 545 932 592 circumscribe
955 561 1113 607 corpus
1134 558 1261 590 tuum
1277 576 1291 598 ‚
1324 556 1368 590 et
1388 543 1486 589 ani-

207 636 286 666 ·mo
317 619 466 665 locum
503 619 609 664 laxa.
639 618 772 664 multa
802 619 1039 681 sequuntur
1068 617 1354 663 incommoda
1385 616 1487 664 huic

207 693 380 739 deditos
407 709 547 738 curae.
567 691 755 736 Primam
779 688 1113 735 exercitationes
1129 725 1142 746 ‚
1162 705 1345 751 quarum
1366 688 1490 734 labor

209 752 405 828 spiritum
428 766 645 821 exhaurit,
676 780 718 810 et
744 763 978 810 inhabilem
1006 763 1239 809 intentioni
1265 780 1314 809 ac
1342 762 1490 809 studiis

192 839 451 889 ‘acrioribus
482 837 625 883 reddit
654 854 664 882 ε
699 836 856 881 deinde
887 835 1015 896 copia
1049 835 1250 880 ciborum
1288 834 1491 881 subtilitas

181 935 184 937 >
210 909 344 956 animi
371 909 621 971 impeditur.
654 908 879 972 Accedunt
902 906 1102 968 pessimae
1125 920 1254 952 notae
1275 906 1492 970 mancipia

210 983 255 1029 in
272 981 560 1045 magisterium
589 993 763 1041 recepta
782 1015 794 1036 ,
818 980 1021 1026 homines
1048 979 1160 1025 inter
1183 981 1330 1024 oleum
1351 991 1392 1025 et
1418 980 1492 1027 vi-

211 1073 318 1102 num
341 1060 543 1118 occupati
562 1073 573 1101 z
592 1056 749 1117 quibus
766 1055 818 1099 ad
840 1066 994 1100 votum
1017 1054 1107 1100 dies
1127 1055 1184 1099 est
1206 1056 1342 1113 actus,
1361 1054 1390 1100 fi
1413 1056 1493 1103 be-

213 1147 268 1176 ne
287 1131 628 1184 desudaverunt,
650 1129 678 1172 st
699 1129 741 1173 in
761 1129 906 1174 locum
923 1128 1014 1175 eius
1032 1130 1155 1192 qnod
1172 1130 1355 1185 effluxit,
1378 1129 1494 1174 mul-

213 1217 305 1250 tum
331 1204 524 1267 potionis
542 1200 735 1257 alterius,
755 1202 903 1248 ieiuno
924 1216 1095 1265 gutture
1116 1205 1395 1267 regesl'erunt.
1423 1205 1492 1251 Bi*

214 1278 318 1323 bere
332 1290 374 1323 et
394 1277 563 1332 sudare,
578 1276 667 1321 vita
683 1275 868 1322 cardiaci
889 1275 961 1321 est.
976 1277 1081 1323 Sunt
1100 1278 1432 1325 exercitationes
1452 1293 1496 1326 et

216 1349 366 1397 faciles
382 1365 424 1397 et
443 1351 596 1396 breves
612 1381 625 1404 ,
647 1365 758 1413 quae
777 1365 937 1412 corpus
951 1363 991 1397 et
1014 1350 1099 1397 fine
1118 1367 1241 1397 mora
1264 1352 1434 1410 laxent,
1454 1364 1497 1399 et

215 1423 406 1484 tempori
430 1437 632 1485 parcant:
657 1423 778 1468 cuius
807 1424 1038 1486 praecipua
1068 1425 1179 1470 ratio
1204 1424 1403 1472 habenda
1423 1425 1498 1472 est.

216 1495 408 1551 Cursus,
440 1509 482 1540 et
524 1511 624 1541 cum
657 1494 804 1557 aliquo
838 1496 1030 1556 pondere
1066 1513 1218 1543 manus
1250 1509 1421 1556 motae,
1456 1510 1499 1546 et

216 1569 367 1624 saltus,
391 1569 462 1616 vel
486 1569 556 1615 ille
577 1569 651 1631 qui
670 1586 830 1631 corpus
849 1569 893 1614 in
913 1570 1044 1617 altum
1072 1571 1206 1625 levat,
1240 1573 1309 1619 vel
1335 1573 1403 1619 ille
1423 1574 1500 1636 qui

219 1642 266 1688 in
285 1642 463 1705 longum
487 1642 647 1695 mittit,
673 1642 745 1688 vel
772 1641 839 1687 ille
860 1640 945 1704 (ut
966 1643 1021 1687 ita
1042 1644 1216 1709 dicam)
1237 1646 1409 1702 saliaris,
1428 1661 1502 1696 aut

145 1750 157 1766 ,
220 1713 303 1778 (ut
324 1712 680 1761 contumeliosius
703 1713 883 1774 dicam)
921 1713 1141 1772 fullonius.
1172 1717 1419 1775 Quodlibet
1445 1735 1503 1765 ex

217 1784 284 1831 his
307 1785 439 1847 elige,
462 1785 537 1831 usu
566 1784 614 1830 fit
637 1784 775 1830 facile.
806 1786 1036 1845 Quiduuid
1063 1786 1222 1845 facies,
1253 1789 1340 1834 cito
1367 1790 1459 1836 redi
1476 1806 1503 1836 a

220 1873 414 1919 corpore
438 1857 490 1903 ad
521 1858 715 1902 animum
733 1889 747 1911 ‚
776 1858 895 1903 illum
920 1859 1070 1905 diebus
1092 1877 1141 1907 ac
1160 1862 1362 1908 noctibus
1380 1880 1504 1910 exer-

220 1947 283 1977 ce.
313 1930 462 1976 labore
492 1932 675 1977 modico
709 1932 835 1978 alitur
863 1933 946 1979 ille.
992 1935 1116 1980 Hanc
1147 1937 1504 1984 exercitationem

223 2019 314 2049 non
334 2002 471 2066 frigus
489 2039 502 2059 ,
519 1997 615 2048 ‘non
633 2004 767 2050 aestus
791 2005 1000 2066 impedit,
1028 2023 1079 2052 ne
1099 2007 1292 2053 senectus
1310 2009 1505 2070 quidem.

223 2075 269 2120 ld
284 2075 451 2121 bonum
471 2090 570 2121 cura
586 2111 599 2130 ‚
619 2077 740 2139 quod
761 2077 973 2124 vetustate
992 2077 1042 2124 fit
1059 2080 1226 2126 melius.
1248 2083 1402 2143 Neque
1418 2099 1504 2146 ego

221 2158 265 2193 te
300 2146 433 2194 iubeo
469 2146 638 2210 semper
670 2149 901 2195 imminere
940 2151 1087 2208 libro,
1111 2164 1183 2198 aut
1218 2154 1510 2216 pugillaribus,

223 2219 415 2265 dandum
436 2232 479 2284 et
502 2220 680 2284 aliquod
701 2223 981 2270 intervallum
1008 2225 1156 2270 animo
1183 2242 1194 2271 ε
1219 2226 1277 2272 ita
1297 2241 1440 2273 tamen
1459 2241 1507 2275 ut

225 2307 318 2336 non
350 2292 617 2351 resolvatur,
650 2295 720 2340 sed
756 2296 1011 2342 remittatur.
1042 2297 1240 2343 Gestatio
1272 2313 1315 2345 et
1346 2317 1510 2362 corpus

226 2365 422 2411 concutit
438 2401 450 2423 ‚
481 2380 522 2412 et
543 2366 681 2414 studio
713 2386 803 2414 non
829 2369 994 2417 officit:
1017 2372 1148 2433 poffis
1175 2373 1346 2436 legere,
1375 2375 1509 2436 poffis

226 2439 412 2493 distare,
448 2440 578 2501 possis
610 2442 765 2501 loqui,
802 2443 935 2504 poffis
969 2445 1115 2490 audire
1141 2464 1151 2490 ε
1182 2463 1371 2508 quorum
1404 2446 1509 2492 nihil

228 2530 311 2562 nec
324 2515 562 2562 ambulatio
577 2516 756 2580 quidem
777 2531 896 2566 vetat
912 2516 1021 2565 fieri.
1042 2520 1138 2567 Nec
1151 2532 1200 2566 tu
1215 2510 1510 2567 intentionem
