1797 2956
347 175 438 226 340
603 164 649 210 L.
693 163 985 210 ANNAEI
1026 164 1369 212 SENECAE

347 270 515 316 animus
543 286 670 333 agere
695 271 834 315 maius
866 269 1022 331 potest.
1053 270 1298 316 rudimenta
1331 270 1427 316 sunt
1448 271 1622 330 nostra,

346 358 439 387 non
468 358 615 403 opera.
650 343 799 400 Quare
825 340 1018 397 liberalia
1050 340 1188 386 studia
1220 341 1330 388 dicia
1359 343 1440 389 sint
1466 344 1590 392 vides
1609 380 1627 404 ,

347 415 449 475 quia
472 414 652 460 homine
682 414 825 459 libero
851 415 981 477 digna
1005 414 1112 460 sunt.
1139 415 1348 461 Ceterum
1372 433 1508 462 unum
1536 418 1628 464 stu-

348 488 470 532 dium
500 503 604 533 vere
630 486 806 532 liberale
826 486 907 543 est,
933 488 1054 549 quod
1082 487 1270 534 liberum
1296 487 1424 546 facit,
1450 490 1535 536 hoc
1564 491 1627 537 sa-

346 560 538 622 pientiae
555 595 568 617 ,
594 559 800 616 sublime,
830 560 947 606 forte
965 596 978 615 ,
1006 561 1331 624 magnanimum
1354 579 1363 607 :
1387 575 1525 608 cetera
1545 580 1628 625 pu-

348 631 435 678 filla
472 644 514 678 et
545 632 727 694 puerilia
756 634 866 680 sunt.
899 634 969 678 An
996 649 1042 679 tu
1074 633 1313 695 quidquam
1345 633 1389 678 in
1425 633 1513 680 istis
1541 633 1628 680 effe

347 704 489 751 credis
518 704 657 762 boni,
692 721 887 768 quorum
926 704 1194 767 professores
1225 704 1489 767 turpissimos
1523 722 1627 752 om-

346 778 467 825 nium
499 795 549 825 ac
577 778 932 842 flagitiosissimos
960 779 1130 826 cernis?
1165 780 1269 825 Non
1303 780 1464 827 discere
1491 782 1626 829 debe-

346 868 443 898 mus
469 852 594 910 istas,
612 852 687 899 sed
712 852 920 900 didicisse.
954 854 1147 913 Quidam
1172 854 1280 900 illud
1306 855 1359 901 de
1383 854 1627 904 liberalibus

343 924 497 971 studiis
516 926 815 989 quaerendum
846 926 1178 984 iudicaverunt,
1202 943 1255 972 an
1278 927 1426 974 virum
1451 927 1622 975 bonum

346 997 556 1046 facerent.
582 1000 651 1044 Ne
673 998 936 1061 promittunt
962 999 1140 1062 quidem
1157 1034 1170 1057 ,
1200 1016 1280 1046 nec
1307 999 1433 1046 huius
1460 1000 1525 1046 rei
1546 1000 1628 1047 sci-

346 1073 508 1120 entiam
543 1071 753 1119 affei‘tant.
785 1073 1107 1120 Grammaticus
1137 1072 1252 1120 circa
1287 1090 1433 1120 curam
1457 1073 1628 1120 sermo-

346 1145 412 1192 nis
443 1146 667 1201 versatur,
695 1159 738 1191 et
768 1145 799 1191 fi
828 1145 953 1192 latius
983 1146 1157 1208 evagari
1192 1147 1313 1203 vult,
1340 1147 1455 1193 circa
1486 1146 1625 1192 histo-

344 1220 444 1266 rias.
473 1221 559 1264 lam
584 1230 633 1264 ut
651 1217 893 1281 longiffime
911 1216 1018 1264 fines
1039 1218 1137 1264 suos
1157 1217 1376 1280 proferat,
1397 1219 1511 1266 circa
1531 1235 1625 1265 car-

346 1294 477 1340 mina.
510 1291 634 1351 Quid
662 1291 822 1336 horum
851 1292 904 1337 ad
932 1291 1142 1338 virtutem
1172 1291 1290 1338 viam
1322 1291 1499 1338 sternit?
1526 1292 1626 1356 Syl-

345 1366 541 1412 labarum
575 1363 825 1422 enarratio,
857 1376 898 1410 et
930 1365 1170 1411 verborum
1207 1364 1427 1428 diligentia
1447 1401 1459 1422 ‚
1489 1376 1531 1412 et
1563 1364 1628 1410 fa⁴

344 1438 545 1486 bularum
563 1435 801 1492 memoria,
823 1449 867 1482 et
892 1436 1100 1484 versuum
1131 1438 1202 1483 lex
1225 1454 1274 1484 ac
1308 1436 1583 1484 modificatio
1605 1437 1625 1484 ἓ

343 1511 471 1572 Quid
496 1526 549 1556 ex
571 1509 636 1555 his
667 1519 831 1555 metum
861 1510 1019 1567 demit,
1049 1510 1330 1572 cupiditatem
1364 1510 1543 1566 eximit,
1573 1511 1625 1556 li-
1698 1567 1701 1569 ,
1766 1535 1772 1559 ‘z

341 1584 534 1631 bidinem
557 1581 721 1628 fraenat
743 1583 759 1628 ?
784 1583 852 1628 Ad
881 1583 1168 1646 geometriam
1189 1582 1478 1642 transeamus,
1501 1599 1545 1631 et
1571 1583 1624 1630 ad

342 1657 549 1704 musicam
574 1671 585 1699 :
609 1655 719 1700 nihil
743 1655 861 1717 apud
892 1655 982 1702 illas
1013 1655 1211 1701 invenies
1227 1690 1239 1709 ‚
1270 1655 1392 1718 quod
1416 1667 1536 1702 vetet
1562 1656 1624 1702 ti-

343 1745 464 1776 mere
478 1764 491 1785 ‚
513 1740 633 1775 vetet
662 1743 821 1789 cupere
843 1743 853 1772 :
874 1743 984 1789 quae
1003 1726 1195 1789 quisquis
1215 1726 1414 1788 ignorat,
1438 1727 1516 1773 alia
1533 1725 1623 1774 fru-

345 1802 429 1849 stra
445 1800 534 1848 scit.
565 1799 820 1846 Videndum
845 1813 989 1846 utrum
1010 1799 1196 1846 doceant
1215 1798 1280 1844 isti
1306 1799 1540 1857 virtutem,
1567 1815 1633 1847 an'

342 1893 448 1924 non.
466 1875 497 1921 fi
522 1891 613 1921 non
637 1873 819 1930 docent,
846 1889 927 1919 nec
953 1872 1127 1918 tradunt
1146 1872 1327 1935 quid-em
1352 1890 1362 1918 :
1386 1872 1414 1918 fi
1432 1873 1618 1932 docent,
1642 1894 1645 1896 ’

342 1947 596 2014 philosophi
615 1946 726 1994 sunt.
754 1947 834 1993 Vis
854 1946 962 1993 scire
979 1978 993 2002 ‚
1022 1963 1155 2008 quam
1175 1963 1265 1991 non
1289 1946 1343 1992 ad
1367 1946 1614 1993 docendam

342 2022 549 2071 virtutem
579 2018 892 2067 consederint?
916 2017 1086 2080 adspice
1111 2035 1242 2081 quam
1269 2018 1483 2065 diffimilia
1508 2020 1622 2065 inter

340 2095 382 2143 se
414 2091 614 2141 omnium
643 2091 780 2138 studia
819 2091 911 2137 sint.
946 2089 1065 2154 atqui
1093 2090 1331 2137 similitudo
1366 2090 1471 2137 esset
1501 2090 1621 2137 idem

340 2168 613 2217 docentium.
660 2165 752 2212 Nisi
778 2164 893 2211 forte
920 2165 998 2211 tibi
1032 2163 1280 2212 Homerum
1306 2163 1620 2227 philosophum

337 2240 465 2287 fuiffe
497 2237 781 2302 persuadent,
812 2253 911 2282 cum
931 2270 944 2293 ‚
974 2234 1039 2282 his
1069 2235 1168 2297 ipsis
1197 2234 1355 2298 quibus
1383 2235 1620 2298 colligunt,

339 2325 510 2376 negent.
552 2313 670 2358 Nam
701 2310 841 2356 modo
873 2309 1070 2356 Stoicum
1104 2308 1228 2355 illum
1255 2307 1447 2365 faciunt,
1475 2308 1619 2355 virtu-

339 2400 429 2433 tem
452 2385 585 2432 solam
606 2383 866 2447 probantem
884 2418 897 2440 ‚
912 2397 956 2429 et
970 2382 1222 2444 voluptates
1242 2381 1530 2443 refugientem
1543 2415 1556 2437 ‚
1575 2391 1619 2427 et

337 2459 393 2506 ab
417 2457 603 2506 honesto
634 2473 688 2505 ne
726 2455 1065 2503 immortalitatis
1088 2454 1270 2518 quidem
1305 2453 1453 2519 pretio
1493 2468 1615 2500 rece·
