1797 2956
280 158 378 218 ‘356
521 157 567 201 L.
621 154 923 201 ANNAEI
980 157 1339 206 SENECAE

349 312 508 321 -—-—-
544 290 605 332 Ec
620 288 794 346 stimma
815 288 1163 354 fiquarfastigc‘a
1200 309 1342 336 rerum.

282 404 462 468 Alioqui
491 404 522 448 fi
554 402 748 449 voluero
772 403 917 450 facere
945 405 1134 466 partium
1163 421 1325 468 partes,
1348 405 1567 470 quaestio*

279 493 391 524 num
418 476 526 521 liber
560 473 648 522 fiet.
675 476 826 532 Haec,
857 477 992 522 Lucili
1022 477 1224 524 virorum
1251 479 1446 541 optime,
1470 496 1566 544 quo

280 549 423 596 minus
445 547 560 610 legas
586 563 678 593 non
711 548 947 594 deterreo:
977 548 1225 596 dummodo
1259 551 1478 614 quidquid
1502 552 1567 598 le-

276 622 395 686 geris
416 653 430 676 ‚
450 620 503 665 ad
531 636 676 666 mores
700 619 843 666 statim
862 619 1038 667 referas.
1056 621 1155 668 lllos
1173 624 1429 685 compesce,
1451 641 1569 670 mar·

281 696 426 743 centia
461 695 507 740 in
535 708 578 741 te
609 694 751 740 excita
773 725 789 749 ‚
821 694 959 740 soluta
992 694 1262 758 constringe,
1291 699 1569 745 contumacia

283 770 440 824 doma,
460 760 718 830 cupiditates
735 779 827 814 tuas
849 767 1127 831 publicasque
1145 804 1158 826 ‚
1181 784 1398 832 quantum
1418 784 1569 833 potes,

282 858 392 890 vexa
412 858 423 887 ε
452 852 494 887 et
510 839 598 887 istis
618 839 865 887 dicentibus
878 875 891 896 ‚
911 839 1158 902 Quousque
1178 842 1363 888 eadem?
1390 843 1568 905 respon-

276 917 362 963 de:
383 918 480 979 Ego
501 914 644 961 debeo
664 913 810 960 dicere
825 949 838 971 ‚
864 912 1108 975 Quousque
1125 914 1277 960 eadem
1307 916 1568 978 peccabitis?

280 988 493 1037 Remedia
519 1002 616 1034 ante
642 987 774 1033 vultis
790 1019 804 1042 ,
834 1003 964 1049 quam
987 985 1095 1032 vitia
1114 987 1321 1034 definere.
1345 1004 1430 1050 ego
1453 1005 1567 1036 vero

276 1080 337 1112 eo
357 1063 494 1126 magis
511 1062 651 1108 dicam
666 1098 678 1118 ‚
696 1075 738 1107 et
756 1060 860 1124 quia
877 1060 1079 1107 recusatis
1091 1095 1104 1117 ‚
1122 1060 1421 1123 perseverabo.
1435 1062 1568 1109 Tunc

279 1134 436 1197 incipit
461 1134 682 1181 medicina
715 1132 957 1195 proficere,
978 1133 1056 1179 ubi
1084 1135 1129 1179 in
1158 1129 1349 1195 corpore
1379 1134 1570 1182 alienato

278 1209 483 1254 dolorem
509 1207 649 1253 taPtus
678 1206 895 1268 expreffit.
926 1205 1088 1252 Dicam
1122 1205 1250 1252 etiam
1280 1207 1428 1254 invitis
1454 1224 1566 1271 pro-

277 1279 439 1328 futura.
464 1279 715 1342 Aliquando
742 1279 885 1342 aliqua
902 1279 956 1324 ad
984 1294 1067 1326 vos
1086 1295 1177 1325 non
1198 1278 1354 1325 blanda
1373 1296 1464 1326 vox
1484 1297 1566 1328 ve-

278 1354 396 1403 niet:
421 1367 462 1400 et
481 1353 583 1417 quia
600 1369 757 1400 verum
784 1352 938 1416 singuli
962 1352 1113 1399 audire
1134 1369 1225 1399 non
1245 1353 1404 1409 vultis,
1421 1354 1566 1416 publi-

276 1445 330 1476 ce
353 1427 515 1475 audite.
551 1427 794 1489 Quousque
821 1425 928 1474 fines
957 1426 1272 1490 possessionum
1298 1426 1566 1490 propagabi-

276 1501 363 1548 tis?
388 1517 492 1565 ager
517 1500 591 1546 uni
617 1499 804 1546 domino
821 1535 835 1557 ‚
856 1500 933 1562 qui
959 1499 1176 1562 populum
1202 1499 1343 1562 cepit,
1364 1500 1565 1564 angustus

275 1575 352 1624 est.
382 1573 628 1637 Quousque
657 1573 874 1620 arationes
888 1572 1059 1620 ‘vestras
1083 1572 1343 1636 porrigetis,
1377 1591 1432 1620 ne
1454 1591 1565 1636 pro-

275 1647 526 1695 vinciarum
561 1644 741 1708 quidem
781 1644 944 1691 satione
978 1645 1174 1692 contenti
1206 1645 1565 1695 circumscribere

273 1718 558 1784 praediorum
577 1718 761 1764 modum
779 1717 796 1764 ?
816 1717 1041 1766 Illustrium
1062 1717 1294 1764 fluminum
1316 1735 1396 1780 per
1413 1719 1563 1781 priva-

273 1804 370 1839 tum
397 1791 598 1838 decursus
613 1825 627 1848 ‚
659 1802 701 1836 et
720 1806 868 1837 amnes
888 1790 1065 1854 magni,
1092 1807 1433 1854 magnarumque
1453 1808 1564 1855 gen-

269 1866 383 1914 tium
402 1863 606 1922 termini,
630 1862 764 1926 usque
797 1863 851 1909 ad
877 1863 1036 1910 ostium
1062 1880 1087 1909 a
1106 1863 1251 1918 fonte,
1289 1863 1421 1909 vestri
1451 1866 1564 1914 sunt.

272 1938 378 1987 Hoc
397 1953 578 2001 quoque
603 1952 760 1999 parum
785 1935 872 1993 est,
895 1934 972 1982 nisi
996 1935 1232 1983 latifundiis
1251 1936 1404 1983 vestris
1427 1937 1562 1984 maria

271 2008 492 2059 cinxistis:
509 2006 587 2054 nisi
603 2019 719 2055 trans
737 2007 1007 2053 Hadrianum
1022 2040 1035 2063 ,
1049 2018 1091 2054 et
1109 2007 1304 2064 lonium,
1321 2012 1560 2071 Aegaeum-

272 2098 361 2146 que
377 2117 393 2140 ,
425 2080 568 2131 vester
586 2079 761 2128 villicus
780 2090 931 2142 regnet
950 2098 960 2125 :
983 2079 1060 2126 nifi
1078 2079 1264 2140 insulae,
1289 2079 1451 2128 ducum
1472 2080 1559 2127 do-

274 2153 437 2203 micilia
456 2168 719 2217 magnorum
734 2186 748 2208 ,
781 2151 894 2198 inter
916 2151 1121 2198 viliffima
1151 2168 1296 2200 rerum
1323 2169 1558 2200 numeren-

271 2240 357 2275 tur.
384 2229 533 2288 Quam
567 2226 702 2273 vultis
719 2260 734 2283 ,
758 2225 840 2272 late
867 2226 1111 2289 poffidete:
1138 2223 1188 2272 sit
1217 2225 1378 2272 fundus
1396 2258 1409 2282 ‚
1431 2225 1558 2288 quod

270 2300 509 2364 aliquando
525 2298 760 2361 imperium
777 2297 1023 2346 vocabatur
1041 2315 1051 2344 :
1071 2295 1200 2345 facite
1218 2296 1410 2346 vestrum
1429 2296 1558 2359 quid-

270 2373 378 2435 quid
406 2371 586 2436 potestis
603 2404 618 2428 ‚
643 2372 748 2419 dum
777 2372 875 2434 plus
899 2371 951 2427 fit
980 2369 1120 2417 alieni.
1158 2370 1291 2418 Nunc
1321 2369 1555 2419 vobiscum

278 2445 470 2510 loquor,
500 2460 692 2510 quorum
719 2458 856 2507 aeque
876 2442 1056 2507 spatiose
1075 2442 1272 2502 luxuria,
1301 2458 1433 2506 quam
1452 2440 1555 2504 illeo-⁴
