1797 2956
311 191 399 238 332
537 176 584 223 L.
636 177 949 224 ANNAEI
999 179 1365 228 SENECAE

309 283 416 332 facit
452 285 679 333 muficum.
714 285 898 333 fortuita
930 286 1101 334 bonum
1133 306 1225 336 non
1252 288 1418 336 faciunt
1444 305 1458 337 e
1491 305 1597 355 ergo

308 377 401 406 non
416 358 512 407 sunt
534 361 664 408 bona.
683 361 900 409 Adversus
913 361 1000 408 hoc
1021 361 1075 409 fic
1093 363 1358 426 respondent
1372 362 1597 426 Peripate-

306 431 411 489 tici,
438 444 486 478 ut
514 433 637 495 quod
667 434 858 496 primum
901 435 1217 496 proponimus,
1240 435 1392 483 falsum
1424 436 1506 483 effe
1529 436 1599 483 di-

306 519 419 552 cant.
451 506 518 551 Ab
546 522 628 563 eo,
661 507 863 571 inquiunt
883 540 896 562 ‚
930 509 1055 570 quod
1080 509 1141 555 est
1172 511 1366 568 bonum,
1393 526 1484 557 non
1512 510 1601 557 uti-

308 595 394 639 que
427 577 537 624 fiunt
568 579 688 625 boni.
715 582 764 625 ln
795 579 955 626 mufica
982 579 1041 626 est
1067 580 1245 645 aliquod
1275 584 1441 629 bonum
1461 619 1474 638 ,
1502 596 1600 628 tan-

305 669 440 713 quam
469 652 601 709 tibia,
643 667 716 699 aut
749 655 941 710 chorda,
970 669 1042 700 aut
1075 671 1290 717 organum
1321 656 1494 715 aliquod
1522 673 1600 718 ap-

307 738 446 772 tatum
469 727 521 772 ad
544 727 642 773 usus
662 728 845 774 canendi
867 745 879 773 z
900 728 1007 774 nihil
1027 744 1171 774 tamen
1192 728 1356 774 horum
1382 728 1482 775 facit
1499 747 1597 775 mu-

304 798 457 846 ficum.
486 800 570 845 Hic
589 800 973 862 respondebimus:
1002 802 1108 847 Non
1131 800 1389 865 intelligitis,
1411 818 1598 863 quomo-

306 872 367 917 do
388 872 688 934 posuerimus,
710 873 833 934 quod
862 875 1026 919 bonum
1053 873 1113 919 est
1137 873 1318 920 musico.
1346 874 1450 918 Non
1476 873 1597 920 enim

305 943 353 990 id
374 946 560 992 dicimus
575 981 587 1000 ‚
617 947 739 1010 quod
763 945 932 992 instruit
958 946 1169 992 musicum
1191 982 1204 1002 ,
1231 946 1298 991 sed
1321 946 1442 1008 quod
1464 944 1570 992 facit
1589 962 1600 990 :

307 1031 358 1065 tu
376 1019 426 1064 ad
449 1018 756 1079 supelleffilem
781 1019 901 1074 artis,
925 1036 1012 1065 non
1037 1019 1089 1065 ad
1108 1031 1242 1065 artem
1262 1019 1399 1066 venis.
1434 1019 1476 1064 Si
1495 1019 1602 1080 quid

307 1107 454 1140 autem
484 1092 527 1138 in
559 1092 647 1154 ipsa
683 1105 772 1140 arte
797 1091 955 1138 musica
980 1092 1148 1138 bonum
1169 1092 1250 1150 est,
1269 1092 1312 1138 id
1332 1091 1485 1153 utique
1504 1109 1603 1138 mu·

308 1163 443 1210 ficum
466 1164 607 1209 faciet.
645 1164 892 1209 Etiamnum
925 1163 1067 1210 facere
1089 1162 1135 1207 id
1165 1163 1334 1225 planius
1358 1163 1485 1208 volo.
1513 1164 1602 1208 Bo-

311 1252 415 1282 num
446 1238 487 1281 in
524 1252 612 1283 arte
647 1235 806 1282 musica
837 1236 1007 1282 duobus
1035 1235 1182 1281 modis
1209 1235 1369 1281 dicitur
1395 1253 1405 1280 :
1439 1235 1602 1291 altero,

309 1325 404 1370 quo
432 1308 612 1356 effeetus
646 1307 796 1355 musici
823 1308 1055 1354 adiuvatur
1078 1324 1088 1353 :
1108 1307 1274 1365 altero,
1301 1322 1395 1369 quo
1426 1322 1504 1353 ars.
1532 1307 1602 1353 Ad

310 1382 518 1430 effectum
552 1383 772 1446 pertinent
799 1381 1082 1428 instrumenta
1101 1412 1115 1436 ‚
1145 1379 1305 1437 tibiae,
1340 1394 1383 1426 et
1407 1396 1568 1442 organa
1585 1415 1601 1435 ,

309 1470 353 1506 et
383 1458 577 1503 chordae
599 1477 607 1501 :
631 1457 684 1503 ad
705 1468 840 1503 artem
859 1455 995 1518 ipsam
1015 1470 1105 1500 non
1129 1453 1360 1516 pertinent.
1390 1453 1461 1498 Est
1479 1453 1598 1499 enim

309 1529 471 1576 artifex
500 1529 628 1575 etiam
658 1527 746 1574 fine
766 1527 855 1575 istis
876 1545 886 1573 ε
911 1528 975 1572 uti
1006 1526 1186 1573 forsitan
1208 1543 1299 1573 non
1327 1525 1470 1588 potest
1491 1540 1599 1574 arte.

310 1605 414 1650 Hoc
445 1619 537 1648 non
571 1602 632 1649 est
663 1619 801 1666 aeque
837 1600 998 1663 duplex
1032 1599 1075 1645 in
1101 1599 1296 1646 homine.
1323 1599 1444 1646 idem
1479 1599 1596 1646 enim

312 1676 482 1722 bonum
516 1688 560 1722 et
587 1675 782 1721 hominis
800 1710 813 1732 ‚
841 1686 883 1720 et
912 1673 1044 1719 vitae.
1083 1672 1221 1733 Quod
1258 1671 1602 1719 contemtiffimo

310 1749 469 1811 cuique
498 1748 755 1811 contingere
780 1764 830 1812 ac
856 1745 1105 1809 turpiffimo
1126 1744 1291 1807 potest,
1319 1746 1487 1791 bonum
1507 1761 1599 1790 non

310 1822 373 1870 est
397 1840 406 1868 :
433 1838 540 1884 opes
568 1833 714 1867 autem
746 1832 787 1866 et
809 1819 989 1873 lenoni,
1019 1830 1060 1865 et
1093 1817 1266 1865 lanistae
1300 1818 1561 1881 contingunt
1586 1834 1599 1863 z

308 1912 418 1960 ergo
448 1912 539 1942 non
577 1895 673 1942 sunt
709 1895 840 1941 bona.
891 1893 1058 1940 Falsum
1087 1892 1175 1949 est,
1210 1892 1440 1955 inquiunt,
1473 1891 1597 1955 quod

308 1970 589 2032 proponitur.
615 1971 728 2015 Nam
757 1983 800 2015 et
828 1968 873 2014 in
891 1965 1188 2031 grammatica
1206 2001 1219 2024 ‚
1250 1980 1294 2012 et
1312 1965 1358 2011 in
1387 1976 1478 2011 arte
1502 1980 1598 2011 me—

311 2043 479 2097 dendi,
513 2054 585 2089 aut
623 2040 925 2106 gubernandi,
961 2040 1162 2087 videmus
1197 2040 1314 2086 bona
1344 2038 1599 2085 humillimis

313 2117 562 2180 quibusque
582 2115 850 2178 contingere.
876 2113 959 2159 Sed
979 2111 1079 2159 istae
1097 2124 1206 2160 artes
1231 2129 1320 2159 non
1345 2111 1444 2159 sunt
1469 2128 1598 2176 mag-

315 2189 562 2236 nitudinem
591 2189 727 2235 animi
758 2186 1002 2251 professae,
1031 2204 1123 2233 non
1155 2185 1425 2249 consurgunt
1454 2185 1499 2231 in
1532 2184 1599 2232 al-

310 2278 404 2310 tum
423 2300 438 2321 ,
468 2281 551 2311 nec
578 2263 760 2310 fortuita
795 2261 1030 2309 fastidiunt.
1066 2261 1217 2308 Virtus
1246 2259 1415 2308 extollit
1445 2258 1598 2306 homi-

310 2353 414 2382 nem
428 2372 440 2391 ‚
461 2351 504 2384 et
528 2336 653 2400 supra
670 2352 767 2383 cara
793 2334 1050 2380 mortalibus
1076 2331 1266 2381 collocat
1286 2349 1297 2377 ε
1317 2347 1396 2377 nec
1416 2346 1465 2376 ea
1485 2344 1597 2393 quae

310 2408 458 2467 bona,
483 2426 564 2457 nec
591 2427 639 2456 ea
659 2426 770 2472 quae
796 2408 908 2454 mala
932 2419 1181 2463 vocantur,
1201 2419 1275 2453 aut
1300 2403 1424 2468 cupit
1443 2402 1596 2459 nimis,

314 2493 388 2530 aut
415 2482 679 2548 expavescit.
703 2482 956 2542 Chelidon,
984 2497 1096 2529 unus
1123 2497 1179 2530 ex
1198 2479 1462 2542 Cleopatrae
1479 2475 1596 2523 mol-
