1807 3004
332 217 420 249 loo
566 203 941 250 LANNAEl
995 207 1346 252 SENECAE

323 307 497 356 virtutis
517 320 560 355 et
579 309 765 355 malitiae
785 309 965 357 societas
989 312 1131 360 efficit.
1163 313 1282 373 Quid
1304 330 1411 376 ergo
1439 315 1499 362 est
1522 316 1604 362 bo·
1673 371 1676 374 ¹

321 382 462 428 num?
497 399 643 429 rerum
676 382 861 430 scientia.
889 384 1010 445 Quid
1040 386 1199 432 malum
1221 386 1309 432 est?
1346 404 1491 435 rerum
1521 390 1604 435 im-

319 454 489 517 peritia.
525 455 596 501 llle
632 455 821 518 prudens
856 473 986 520 atque
1019 458 1174 505 artifex
1197 495 1210 516 ,
1257 475 1340 522 pro
1374 472 1604 523 tempore,

319 544 522 591 quaeque
549 528 730 590 repellet
747 539 819 574 aut
844 529 986 593 eliget.
1010 531 1091 577 Sed
1112 547 1191 579 nec
1219 549 1331 594 quae
1355 535 1525 596 repellit
1545 535 1605 581 ti-

319 613 435 659 met,
472 618 553 649 nec
579 602 759 649 miratur
788 619 898 667 quae
927 603 1078 666 eligit:
1107 604 1136 650 fi
1162 607 1301 652 modo
1332 624 1512 671 magnus
1544 609 1603 658 illi
1655 600 1661 605 ⁷

317 687 362 722 et
381 676 570 724 inviElus
596 678 765 725 animus
784 677 858 724 est.
885 677 1089 724 Submitti
1116 693 1158 726 te
1186 695 1236 725 ac
1265 679 1450 740 deprimi
1476 693 1600 728 veto.

315 750 510 796 laborem
534 749 563 795 si
584 768 673 797 non
688 751 872 808 recuses,
890 768 1040 813 parum
1061 750 1147 797 est:
1165 752 1310 814 posce.
1332 753 1446 811 Quis
1465 771 1598 817 erge,

317 822 490 886 inquis,
522 823 647 869 labor
678 823 865 870 frivolus
893 834 935 870 et
966 823 1256 886 supervacuus
1279 823 1370 869 est?
1397 823 1441 869 in
1463 842 1594 889 quem

313 895 501 943 humiles
522 895 668 943 causae
689 895 976 954 vocaverint,
999 910 1090 942 non
1114 894 1174 942 est
1202 896 1366 952 malus,
1391 913 1481 943 non
1508 914 1603 944 ma-

312 970 379 1034 gis
396 986 525 1033 quam
544 970 614 1016 ille
633 969 708 1033 qui
727 969 917 1031 pulchris
936 969 1062 1016 rebus
1079 968 1365 1031 impenditur:
1386 970 1599 1032 quoniam

312 1042 447 1088 animi
478 1041 538 1101 est
568 1041 656 1104 ipsa
683 1041 939 1099 tolerantia,
965 1057 1075 1104 quae
1098 1042 1139 1088 se
1166 1043 1218 1088 ad
1250 1043 1359 1088 dura
1385 1055 1427 1090 et
1451 1043 1598 1106 aspera

312 1116 541 1174 hortatur,
559 1128 601 1161 et
622 1114 726 1161 dicit
745 1131 755 1160 τ
778 1113 902 1174 Quid
923 1113 1085 1161 cessas?
1113 1131 1202 1160 non
1220 1114 1282 1160 est
1307 1115 1422 1172 viri,
1441 1116 1595 1167 timere

312 1191 533 1238 sudorem.
554 1189 655 1235 Huc
674 1199 716 1234 et
735 1187 843 1234 illud
862 1187 1059 1242 accedat,
1081 1199 1130 1232 ut
1154 1187 1340 1248 perfecla
1360 1188 1500 1234 virtus
1521 1189 1595 1246 fir,

311 1262 542 1325 aequalitas
566 1276 616 1306 ac
643 1271 772 1306 tenor
788 1259 904 1306 vitae
930 1275 1007 1321 per
1034 1260 1458 1309 omniarconsonans
1487 1260 1595 1308 fibi:

312 1333 435 1397 quod
461 1347 551 1377 non
572 1328 714 1392 potest
738 1327 846 1385 effe,
874 1328 952 1374 nisi
972 1327 1321 1395 rerumhscientia
1351 1329 1597 1392 contingat,

311 1419 356 1454 et
385 1420 478 1461 ars,
510 1419 588 1465 per
608 1417 740 1464 quam
764 1400 911 1448 divina
940 1415 983 1447 et
1004 1400 1194 1446 humana
1221 1401 1463 1447 noscantur.
1494 1403 1598 1450 Hoc

311 1478 370 1525 est
394 1478 610 1525 summum
631 1474 799 1521 bonum
821 1492 833 1520 :
855 1474 976 1537 quod
1003 1472 1032 1518 fi
1059 1485 1253 1535 occupas
1268 1508 1280 1529 ‚
1308 1473 1464 1536 incipis
1486 1475 1596 1520 deo-

307 1570 405 1600 rum
426 1551 511 1598 ess‘e
529 1550 690 1607 socius,
710 1565 804 1596 non
825 1547 1014 1611 supplex.
1031 1548 1281 1608 Quomodo
1295 1579 1307 1601 ‚
1328 1545 1591 1609 inquis‚isto

309 1624 597 1690 pervenitur?
627 1638 718 1668 non
747 1637 824 1685 per
848 1621 1060 1667 Peninum
1087 1620 1335 1666 Graiumve
1362 1634 1560 1673 montem
1577 1657 1592 1678 ,

307 1714 390 1745 nec
423 1714 501 1759 per
538 1697 702 1743 deserta
735 1693 984 1741 Candaviae
1015 1711 1027 1740 ε
1058 1709 1139 1740 nec
1174 1693 1325 1757 Syrtes
1361 1693 1470 1750 tibi,
1506 1711 1589 1743 nec

304 1769 448 1834 Scylla
479 1780 552 1815 aut
575 1767 858 1832 Charybdis,
883 1767 1104 1813 adeundae
1135 1766 1231 1813 sunt
1259 1783 1272 1813 ε
1301 1783 1413 1829 quae
1439 1779 1584 1814 tamen

305 1843 459 1889 omnia
482 1839 663 1888 transisti
685 1837 1092 1902 procuratiunculae
1121 1837 1276 1900 pretio.
1312 1839 1480 1886 Tutum
1505 1841 1588 1886 iter

305 1915 391 1971 est,
421 1913 657 1960 iucundum
681 1912 741 1959 est
757 1947 772 1970 ,
794 1913 847 1959 ad
868 1913 989 1976 quod
1018 1926 1166 1958 natura
1185 1922 1227 1957 te
1254 1910 1468 1960 instruxit.
1488 1915 1589 1961 De·

302 1989 365 2035 dit
384 1987 465 2035 tibi
485 1986 584 2043 illa,
609 2002 719 2049 quae
750 1986 780 2032 fi
803 2002 893 2032 non
918 1985 1154 2032 deserueris
1173 2019 1186 2040 ,
1207 2000 1286 2047 par
1305 1985 1408 2031 Deo
1429 1985 1588 2049 surges.

301 2063 453 2107 Parem
478 2070 621 2105 autem
653 2059 760 2105 Deo
790 2058 978 2120 pecunia
1011 2074 1101 2103 non
1129 2055 1287 2104 faciet:
1321 2057 1446 2104 Deus
1477 2058 1586 2104 nihil

302 2135 443 2181 habet.
473 2136 696 2180 Praetexta
720 2147 809 2177 non
841 2130 970 2176 faciet
993 2148 1003 2176 τ
1034 2131 1160 2178 Deus
1187 2131 1326 2176 nudus
1354 2130 1428 2177 est.
1457 2133 1584 2177 Fama

299 2224 391 2253 non
410 2205 569 2263 faciet,
589 2222 669 2254 nec
687 2202 919 2250 ostentatio
938 2203 999 2249 tui
1013 2238 1027 2259 ‚
1048 2217 1091 2249 et
1112 2203 1156 2248 in
1181 2204 1370 2266 populos
1392 2202 1584 2251 nominis

299 2279 470 2327 dimissa
489 2279 659 2325 noritia.
679 2293 812 2324 nemo
833 2276 962 2322 novi‘t
981 2273 1143 2323 Deum.
1158 2277 1285 2323 multi
1306 2277 1359 2322 de
1374 2276 1452 2322 illo
1471 2277 1583 2324 male

299 2352 566 2407 existimant,
584 2365 625 2397 et
639 2351 835 2413 impune.
860 2351 965 2396 Non
981 2349 1105 2396 turba
1123 2349 1371 2408 servorum,
1387 2351 1580 2398 les-‘ticam

297 2431 416 2489 t'uam
448 2442 526 2487 per
551 2424 710 2470 itinera
737 2424 900 2470 urbana
930 2440 980 2470 ac
1009 2424 1238 2487 peregrina
1273 2424 1541 2487 portantium
1564 2435 1587 2472 τ’

296 2498 423 2547 Deus
450 2498 520 2546 ille
543 2498 760 2545 maximus
784 2497 1195 2562 potentiffimusque
1215 2498 1303 2561 ipse
1327 2497 1447 2545 vehit
1473 2514 1574 2546 om·
1628 2535 1630 2538 .
