<?xml version="1.0" encoding="UTF-8"?>
<!DOCTYPE html PUBLIC "-//W3C//DTD XHTML 1.0 Transitional//EN"
    "http://www.w3.org/TR/xhtml1/DTD/xhtml1-transitional.dtd">
<html xmlns="http://www.w3.org/1999/xhtml" xml:lang="en" lang="en">
 <head>
  <title>
</title>
<meta http-equiv="Content-Type" content="text/html;charset=utf-8" />
  <meta name='ocr-system' content='tesseract 3.04.00' />
  <meta name='ocr-capabilities' content='ocr_page ocr_carea ocr_par ocr_line ocrx_word'/>
</head>
<body>
  <div class='ocr_page' id='page_1' title='image "./lannaeisenecaeph03seneuoft_0394.png"; bbox 0 0 1797 2956; ppageno 0'>
   <div class='ocr_carea' id='block_1_1' title="bbox 330 150 1380 217">
    <p class='ocr_par' dir='ltr' id='par_1_1' title="bbox 330 150 1380 217">
     <span class='ocr_line' id='line_1_1' title="bbox 330 150 1380 217; baseline -0.009 -14"><span class='ocrx_word' id='word_1_1' title='bbox 330 156 421 217; x_wconf 65' lang='lat'>386</span> <span class='ocrx_word' id='word_1_2' title='bbox 546 150 1380 204; x_wconf 44' lang='lat' dir='ltr'>⁴1„.,txr*11x11⁴2131SENECAE</span> 
     </span>
    </p>
   </div>
   <div class='ocr_carea' id='block_1_2' title="bbox 327 253 1611 1107">
    <p class='ocr_par' dir='ltr' id='par_1_2' title="bbox 327 253 1611 1107">
     <span class='ocr_line' id='line_1_2' title="bbox 327 253 1601 319; baseline -0.005 -13"><span class='ocrx_word' id='word_1_3' title='bbox 327 261 397 307; x_wconf 75' lang='lat' dir='ltr'>ille</span> <span class='ocrx_word' id='word_1_4' title='bbox 418 260 523 307; x_wconf 88' lang='lat' dir='ltr'>alter</span> <span class='ocrx_word' id='word_1_5' title='bbox 545 258 772 314; x_wconf 83' lang='lat' dir='ltr'>secundus,</span> <span class='ocrx_word' id='word_1_6' title='bbox 795 268 843 302; x_wconf 88' lang='lat' dir='ltr'>ut</span> <span class='ocrx_word' id='word_1_7' title='bbox 871 254 1026 319; x_wconf 84' lang='lat' dir='ltr'>aliquis</span> <span class='ocrx_word' id='word_1_8' title='bbox 1051 271 1202 316; x_wconf 85' lang='lat' dir='ltr'>parum</span> <span class='ocrx_word' id='word_1_9' title='bbox 1229 253 1429 301; x_wconf 85' lang='lat' dir='ltr'>constans</span> <span class='ocrx_word' id='word_1_10' title='bbox 1455 253 1508 300; x_wconf 90' lang='lat' dir='ltr'>ad</span> <span class='ocrx_word' id='word_1_11' title='bbox 1529 270 1601 301; x_wconf 91' lang='lat' dir='ltr'>cu·</span> 
     </span>
     <span class='ocr_line' id='line_1_3' title="bbox 329 327 1602 392; baseline -0.006 -13"><span class='ocrx_word' id='word_1_12' title='bbox 329 332 557 379; x_wconf 86' lang='lat' dir='ltr'>stodienda</span> <span class='ocrx_word' id='word_1_13' title='bbox 593 329 789 392; x_wconf 88' lang='lat' dir='ltr'>optima,</span> <span class='ocrx_word' id='word_1_14' title='bbox 823 328 946 374; x_wconf 86' lang='lat' dir='ltr'>cuius</span> <span class='ocrx_word' id='word_1_15' title='bbox 979 327 1189 373; x_wconf 90' lang='lat' dir='ltr'>iudicium</span> <span class='ocrx_word' id='word_1_16' title='bbox 1219 327 1332 372; x_wconf 87' lang='lat' dir='ltr'>labat</span> <span class='ocrx_word' id='word_1_17' title='bbox 1363 327 1602 372; x_wconf 80' lang='lat' dir='ltr'>etiamnum</span> 
     </span>
     <span class='ocr_line' id='line_1_4' title="bbox 331 398 1605 461; baseline -0.008 -8"><span class='ocrx_word' id='word_1_18' title='bbox 331 419 375 454; x_wconf 89' lang='lat' dir='ltr'>et</span> <span class='ocrx_word' id='word_1_19' title='bbox 407 405 620 451; x_wconf 83' lang='lat' dir='ltr'>incertum</span> <span class='ocrx_word' id='word_1_20' title='bbox 651 400 739 460; x_wconf 88' lang='lat' dir='ltr'>est,</span> <span class='ocrx_word' id='word_1_21' title='bbox 769 400 977 447; x_wconf 73' lang='lat' dir='ltr'>desiderat</span> <span class='ocrx_word' id='word_1_22' title='bbox 1016 400 1247 446; x_wconf 90' lang='lat' dir='ltr'>oculorum</span> <span class='ocrx_word' id='word_1_23' title='bbox 1281 414 1409 461; x_wconf 85' lang='lat' dir='ltr'>atque</span> <span class='ocrx_word' id='word_1_24' title='bbox 1437 398 1605 444; x_wconf 87' lang='lat' dir='ltr'>aurium</span> 
     </span>
     <span class='ocr_line' id='line_1_5' title="bbox 331 470 1606 531; baseline -0.008 -7"><span class='ocrx_word' id='word_1_25' title='bbox 331 478 528 531; x_wconf 87' lang='lat' dir='ltr'>sensum,</span> <span class='ocrx_word' id='word_1_26' title='bbox 563 476 725 521; x_wconf 81' lang='lat' dir='ltr'>bonam</span> <span class='ocrx_word' id='word_1_27' title='bbox 753 472 1075 528; x_wconf 86' lang='lat' dir='ltr'>valetudinem,</span> <span class='ocrx_word' id='word_1_28' title='bbox 1107 482 1150 516; x_wconf 89' lang='lat' dir='ltr'>et</span> <span class='ocrx_word' id='word_1_29' title='bbox 1184 487 1273 516; x_wconf 90' lang='lat' dir='ltr'>non</span> <span class='ocrx_word' id='word_1_30' title='bbox 1305 470 1487 517; x_wconf 80' lang='lat' dir='ltr'>foedum</span> <span class='ocrx_word' id='word_1_31' title='bbox 1525 471 1606 515; x_wconf 89' lang='lat' dir='ltr'>ad-</span> 
     </span>
     <span class='ocr_line' id='line_1_6' title="bbox 333 541 1608 614; baseline -0.006 -17"><span class='ocrx_word' id='word_1_32' title='bbox 333 551 524 614; x_wconf 61' lang='lat' dir='ltr'>speRum</span> <span class='ocrx_word' id='word_1_33' title='bbox 556 545 758 610; x_wconf 89' lang='lat' dir='ltr'>corporis</span> <span class='ocrx_word' id='word_1_34' title='bbox 779 577 792 601; x_wconf 93' lang='lat'>,</span> <span class='ocrx_word' id='word_1_35' title='bbox 812 557 855 592; x_wconf 88' lang='lat' dir='ltr'>et</span> <span class='ocrx_word' id='word_1_36' title='bbox 885 544 1033 590; x_wconf 88' lang='lat' dir='ltr'>habitu</span> <span class='ocrx_word' id='word_1_37' title='bbox 1067 554 1311 589; x_wconf 87' lang='lat' dir='ltr'>manentem</span> <span class='ocrx_word' id='word_1_38' title='bbox 1334 543 1411 589; x_wconf 89' lang='lat' dir='ltr'>suo</span> <span class='ocrx_word' id='word_1_39' title='bbox 1426 577 1438 599; x_wconf 92' lang='lat'>,</span> <span class='ocrx_word' id='word_1_40' title='bbox 1458 541 1608 589; x_wconf 85' lang='lat' dir='ltr'>aetatis</span> 
     </span>
     <span class='ocr_line' id='line_1_7' title="bbox 331 616 1609 687; baseline -0.005 -17"><span class='ocrx_word' id='word_1_41' title='bbox 331 634 556 687; x_wconf 83' lang='lat' dir='ltr'>praeterea</span> <span class='ocrx_word' id='word_1_42' title='bbox 583 619 754 682; x_wconf 85' lang='lat' dir='ltr'>longius</span> <span class='ocrx_word' id='word_1_43' title='bbox 775 618 969 680; x_wconf 84' lang='lat' dir='ltr'>spatium.</span> <span class='ocrx_word' id='word_1_44' title='bbox 998 619 1078 664; x_wconf 86' lang='lat' dir='ltr'>Per</span> <span class='ocrx_word' id='word_1_45' title='bbox 1103 616 1213 662; x_wconf 87' lang='lat' dir='ltr'>hanc</span> <span class='ocrx_word' id='word_1_46' title='bbox 1240 617 1379 679; x_wconf 83' lang='lat' dir='ltr'>potest</span> <span class='ocrx_word' id='word_1_47' title='bbox 1396 633 1487 663; x_wconf 87' lang='lat' dir='ltr'>non</span> <span class='ocrx_word' id='word_1_48' title='bbox 1506 633 1609 679; x_wconf 82' lang='lat' dir='ltr'>poe-</span> 
     </span>
     <span class='ocr_line' id='line_1_8' title="bbox 334 689 1608 759; baseline -0.005 -16"><span class='ocrx_word' id='word_1_49' title='bbox 334 697 511 743; x_wconf 86' lang='lat' dir='ltr'>nitenda</span> <span class='ocrx_word' id='word_1_50' title='bbox 534 695 695 759; x_wconf 86' lang='lat' dir='ltr'>agitare</span> <span class='ocrx_word' id='word_1_51' title='bbox 712 728 724 748; x_wconf 93' lang='lat'>,</span> <span class='ocrx_word' id='word_1_52' title='bbox 755 703 803 737; x_wconf 91' lang='lat' dir='ltr'>ut</span> <span class='ocrx_word' id='word_1_53' title='bbox 827 691 872 738; x_wconf 89' lang='lat' dir='ltr'>in</span> <span class='ocrx_word' id='word_1_54' title='bbox 892 689 1154 754; x_wconf 62' lang='lat' dir='ltr'>imperfecto</span> <span class='ocrx_word' id='word_1_55' title='bbox 1182 690 1297 737; x_wconf 86' lang='lat' dir='ltr'>viro.</span> <span class='ocrx_word' id='word_1_56' title='bbox 1337 690 1455 737; x_wconf 85' lang='lat' dir='ltr'>Huic</span> <span class='ocrx_word' id='word_1_57' title='bbox 1480 690 1608 737; x_wconf 78' lang='lat' dir='ltr'>mali-</span> 
     </span>
     <span class='ocr_line' id='line_1_9' title="bbox 336 763 1608 831; baseline -0.005 -14"><span class='ocrx_word' id='word_1_58' title='bbox 336 770 418 817; x_wconf 84' lang='lat' dir='ltr'>tiae</span> <span class='ocrx_word' id='word_1_59' title='bbox 453 769 520 816; x_wconf 88' lang='lat' dir='ltr'>vis</span> <span class='ocrx_word' id='word_1_60' title='bbox 551 767 764 831; x_wconf 81' lang='lat' dir='ltr'>quaedam</span> <span class='ocrx_word' id='word_1_61' title='bbox 796 763 926 822; x_wconf 85' lang='lat' dir='ltr'>inest,</span> <span class='ocrx_word' id='word_1_62' title='bbox 964 780 1050 827; x_wconf 85' lang='lat' dir='ltr'>qua</span> <span class='ocrx_word' id='word_1_63' title='bbox 1082 763 1275 809; x_wconf 83' lang='lat' dir='ltr'>animum</span> <span class='ocrx_word' id='word_1_64' title='bbox 1305 763 1433 810; x_wconf 85' lang='lat' dir='ltr'>habet</span> <span class='ocrx_word' id='word_1_65' title='bbox 1463 764 1608 811; x_wconf 88' lang='lat' dir='ltr'>mobi-</span> 
     </span>
     <span class='ocr_line' id='line_1_10' title="bbox 335 836 1609 903; baseline -0.005 -14"><span class='ocrx_word' id='word_1_66' title='bbox 335 842 421 889; x_wconf 86' lang='lat' dir='ltr'>lem</span> <span class='ocrx_word' id='word_1_67' title='bbox 442 842 496 887; x_wconf 86' lang='lat' dir='ltr'>ad</span> <span class='ocrx_word' id='word_1_68' title='bbox 514 842 686 903; x_wconf 84' lang='lat' dir='ltr'>prava:</span> <span class='ocrx_word' id='word_1_69' title='bbox 713 840 781 886; x_wconf 85' lang='lat' dir='ltr'>ille</span> <span class='ocrx_word' id='word_1_70' title='bbox 802 838 888 901; x_wconf 84' lang='lat' dir='ltr'>agit</span> <span class='ocrx_word' id='word_1_71' title='bbox 911 853 1060 884; x_wconf 86' lang='lat' dir='ltr'>carens</span> <span class='ocrx_word' id='word_1_72' title='bbox 1084 836 1265 894; x_wconf 82' lang='lat' dir='ltr'>malitia,</span> <span class='ocrx_word' id='word_1_73' title='bbox 1291 849 1332 882; x_wconf 88' lang='lat' dir='ltr'>et</span> <span class='ocrx_word' id='word_1_74' title='bbox 1359 853 1408 883; x_wconf 90' lang='lat' dir='ltr'>ea</span> <span class='ocrx_word' id='word_1_75' title='bbox 1431 837 1609 899; x_wconf 83' lang='lat' dir='ltr'>agitatio</span> 
     </span>
     <span class='ocr_line' id='line_1_11' title="bbox 338 909 1610 966; baseline -0.006 -4"><span class='ocrx_word' id='word_1_76' title='bbox 338 914 455 963; x_wconf 78' lang='lat' dir='ltr'>abest</span> <span class='ocrx_word' id='word_1_77' title='bbox 481 930 505 960; x_wconf 89' lang='lat' dir='ltr'>a</span> <span class='ocrx_word' id='word_1_78' title='bbox 525 914 662 960; x_wconf 80' lang='lat' dir='ltr'>bono,</span> <span class='ocrx_word' id='word_1_79' title='bbox 692 913 799 958; x_wconf 91' lang='lat' dir='ltr'>Non</span> <span class='ocrx_word' id='word_1_80' title='bbox 829 910 887 958; x_wconf 89' lang='lat' dir='ltr'>est</span> <span class='ocrx_word' id='word_1_81' title='bbox 915 909 1244 966; x_wconf 73' lang='lat' dir='ltr'>adhuebonus,</span> <span class='ocrx_word' id='word_1_82' title='bbox 1274 909 1344 955; x_wconf 89' lang='lat' dir='ltr'>sed</span> <span class='ocrx_word' id='word_1_83' title='bbox 1372 910 1416 954; x_wconf 91' lang='lat' dir='ltr'>in</span> <span class='ocrx_word' id='word_1_84' title='bbox 1439 910 1610 955; x_wconf 88' lang='lat' dir='ltr'>bonum</span> 
     </span>
     <span class='ocr_line' id='line_1_12' title="bbox 338 978 1611 1049; baseline -0.006 -15"><span class='ocrx_word' id='word_1_85' title='bbox 338 987 542 1049; x_wconf 84' lang='lat' dir='ltr'>fingitur:</span> <span class='ocrx_word' id='word_1_86' title='bbox 566 984 811 1048; x_wconf 85' lang='lat' dir='ltr'>cuicunque</span> <span class='ocrx_word' id='word_1_87' title='bbox 834 996 977 1030; x_wconf 86' lang='lat' dir='ltr'>autem</span> <span class='ocrx_word' id='word_1_88' title='bbox 1003 980 1118 1028; x_wconf 84' lang='lat' dir='ltr'>deest</span> <span class='ocrx_word' id='word_1_89' title='bbox 1145 978 1308 1043; x_wconf 84' lang='lat' dir='ltr'>aliquid</span> <span class='ocrx_word' id='word_1_90' title='bbox 1333 981 1387 1027; x_wconf 88' lang='lat' dir='ltr'>ad</span> <span class='ocrx_word' id='word_1_91' title='bbox 1416 981 1611 1040; x_wconf 84' lang='lat' dir='ltr'>bonum,</span> 
     </span>
     <span class='ocr_line' id='line_1_13' title="bbox 337 1057 575 1107; baseline -0.013 0"><span class='ocrx_word' id='word_1_92' title='bbox 337 1059 474 1107; x_wconf 89' lang='lat' dir='ltr'>malus</span> <span class='ocrx_word' id='word_1_93' title='bbox 500 1057 575 1106; x_wconf 90' lang='lat' dir='ltr'>est.</span> 
     </span>
    </p>
   </div>
   <div class='ocr_carea' id='block_1_3' title="bbox 404 1162 1513 1230">
    <p class='ocr_par' dir='ltr' id='par_1_3' title="bbox 404 1162 1513 1230">
     <span class='ocr_line' id='line_1_14' title="bbox 404 1162 1513 1230; baseline -0.005 -17"><span class='ocrx_word' id='word_1_94' title='bbox 404 1170 489 1214; x_wconf 72' lang='lat' dir='ltr'>Sed</span> <span class='ocrx_word' id='word_1_95' title='bbox 494 1166 546 1230; x_wconf 85' lang='lat' dir='ltr'><em>st</em></span> <span class='ocrx_word' id='word_1_96' title='bbox 569 1167 633 1212; x_wconf 84' lang='lat' dir='ltr'>cui</span> <span class='ocrx_word' id='word_1_97' title='bbox 652 1166 785 1212; x_wconf 74' lang='lat' dir='ltr'>virtus</span> <span class='ocrx_word' id='word_1_98' title='bbox 805 1166 1048 1224; x_wconf 77' lang='lat' dir='ltr'>animusque</span> <span class='ocrx_word' id='word_1_99' title='bbox 1064 1164 1108 1207; x_wconf 79' lang='lat' dir='ltr'>in</span> <span class='ocrx_word' id='word_1_100' title='bbox 1129 1180 1282 1224; x_wconf 74' lang='lat' dir='ltr'>corpore</span> <span class='ocrx_word' id='word_1_101' title='bbox 1290 1162 1485 1224; x_wconf 72' lang='lat' dir='ltr'>praestas</span> <span class='ocrx_word' id='word_1_102' title='bbox 1493 1180 1513 1217; x_wconf 90' lang='lat'>,·</span> 
     </span>
    </p>
   </div>
   <div class='ocr_carea' id='block_1_4' title="bbox 282 1269 1626 2502">
    <p class='ocr_par' dir='ltr' id='par_1_4' title="bbox 282 1269 1626 2502">
     <span class='ocr_line' id='line_1_15' title="bbox 339 1269 1614 1335; baseline -0.006 -10"><span class='ocrx_word' id='word_1_103' title='bbox 339 1277 412 1325; x_wconf 86' lang='lat' dir='ltr'>hic</span> <span class='ocrx_word' id='word_1_104' title='bbox 445 1277 552 1323; x_wconf 90' lang='lat' dir='ltr'>deos</span> <span class='ocrx_word' id='word_1_105' title='bbox 577 1285 760 1335; x_wconf 81' lang='lat' dir='ltr'>aequat,</span> <span class='ocrx_word' id='word_1_106' title='bbox 786 1272 863 1320; x_wconf 86' lang='lat' dir='ltr'>illo</span> <span class='ocrx_word' id='word_1_107' title='bbox 895 1271 1059 1327; x_wconf 86' lang='lat' dir='ltr'>tendit,</span> <span class='ocrx_word' id='word_1_108' title='bbox 1085 1269 1268 1333; x_wconf 82' lang='lat' dir='ltr'>originis</span> <span class='ocrx_word' id='word_1_109' title='bbox 1302 1270 1397 1316; x_wconf 87' lang='lat' dir='ltr'>suae</span> <span class='ocrx_word' id='word_1_110' title='bbox 1426 1287 1614 1318; x_wconf 90' lang='lat' dir='ltr'>memor.</span> 
     </span>
     <span class='ocr_line' id='line_1_16' title="bbox 339 1343 1615 1410; baseline -0.005 -13"><span class='ocrx_word' id='word_1_111' title='bbox 339 1352 489 1398; x_wconf 87' lang='lat' dir='ltr'>Nemo</span> <span class='ocrx_word' id='word_1_112' title='bbox 524 1346 728 1410; x_wconf 76' lang='lat' dir='ltr'>improbe</span> <span class='ocrx_word' id='word_1_113' title='bbox 758 1363 814 1393; x_wconf 90' lang='lat' dir='ltr'>eo</span> <span class='ocrx_word' id='word_1_114' title='bbox 849 1356 1031 1393; x_wconf 70' lang='lat' dir='ltr'>conatur</span> <span class='ocrx_word' id='word_1_115' title='bbox 1064 1343 1350 1400; x_wconf 78' lang='lat' dir='ltr'><strong>adscendere,</strong></span> <span class='ocrx_word' id='word_1_116' title='bbox 1383 1345 1499 1390; x_wconf 84' lang='lat' dir='ltr'>unde</span> <span class='ocrx_word' id='word_1_117' title='bbox 1535 1345 1615 1390; x_wconf 92' lang='lat' dir='ltr'>de-</span> 
     </span>
     <span class='ocr_line' id='line_1_17' title="bbox 342 1415 1615 1481; baseline -0.008 -8"><span class='ocrx_word' id='word_1_118' title='bbox 342 1423 576 1473; x_wconf 86' lang='lat' dir='ltr'>scenderat.</span> <span class='ocrx_word' id='word_1_119' title='bbox 620 1420 744 1481; x_wconf 82' lang='lat' dir='ltr'>Quid</span> <span class='ocrx_word' id='word_1_120' title='bbox 780 1418 841 1466; x_wconf 86' lang='lat' dir='ltr'>est</span> <span class='ocrx_word' id='word_1_121' title='bbox 870 1431 1039 1471; x_wconf 81' lang='lat' dir='ltr'>autern,</span> <span class='ocrx_word' id='word_1_122' title='bbox 1076 1433 1153 1463; x_wconf 91' lang='lat' dir='ltr'>cur</span> <span class='ocrx_word' id='word_1_123' title='bbox 1185 1432 1279 1462; x_wconf 82' lang='lat' dir='ltr'>non</span> <span class='ocrx_word' id='word_1_124' title='bbox 1313 1415 1529 1464; x_wconf 84' lang='lat' dir='ltr'>existimes</span> <span class='ocrx_word' id='word_1_125' title='bbox 1569 1417 1615 1463; x_wconf 90' lang='lat' dir='ltr'>in</span> 
     </span>
     <span class='ocr_line' id='line_1_18' title="bbox 343 1489 1617 1555; baseline -0.007 -10"><span class='ocrx_word' id='word_1_126' title='bbox 343 1492 400 1545; x_wconf 80' lang='lat' dir='ltr'>eo</span> <span class='ocrx_word' id='word_1_127' title='bbox 427 1493 568 1541; x_wconf 88' lang='lat' dir='ltr'>divini</span> <span class='ocrx_word' id='word_1_128' title='bbox 598 1493 762 1555; x_wconf 84' lang='lat' dir='ltr'>aliquid</span> <span class='ocrx_word' id='word_1_129' title='bbox 786 1491 982 1539; x_wconf 72' lang='lat' dir='ltr'>exsistere</span> <span class='ocrx_word' id='word_1_130' title='bbox 998 1527 1011 1549; x_wconf 83' lang='lat'>,</span> <span class='ocrx_word' id='word_1_131' title='bbox 1030 1489 1103 1554; x_wconf 86' lang='lat' dir='ltr'>qui</span> <span class='ocrx_word' id='word_1_132' title='bbox 1123 1489 1213 1536; x_wconf 82' lang='lat' dir='ltr'>Dei</span> <span class='ocrx_word' id='word_1_133' title='bbox 1240 1505 1337 1552; x_wconf 88' lang='lat' dir='ltr'>pars</span> <span class='ocrx_word' id='word_1_134' title='bbox 1362 1489 1452 1536; x_wconf 81' lang='lat' dir='ltr'>est?</span> <span class='ocrx_word' id='word_1_135' title='bbox 1474 1501 1617 1537; x_wconf 88' lang='lat' dir='ltr'>totum</span> 
     </span>
     <span class='ocr_line' id='line_1_19' title="bbox 343 1561 1618 1630; baseline -0.006 -14"><span class='ocrx_word' id='word_1_136' title='bbox 343 1569 432 1616; x_wconf 90' lang='lat' dir='ltr'>hoc</span> <span class='ocrx_word' id='word_1_137' title='bbox 459 1583 550 1630; x_wconf 92' lang='lat' dir='ltr'>quo</span> <span class='ocrx_word' id='word_1_138' title='bbox 575 1565 875 1621; x_wconf 85' lang='lat' dir='ltr'>continemur,</span> <span class='ocrx_word' id='word_1_139' title='bbox 906 1575 948 1610; x_wconf 88' lang='lat' dir='ltr'>et</span> <span class='ocrx_word' id='word_1_140' title='bbox 973 1580 1107 1610; x_wconf 86' lang='lat' dir='ltr'>unum</span> <span class='ocrx_word' id='word_1_141' title='bbox 1128 1561 1188 1608; x_wconf 89' lang='lat' dir='ltr'>est</span> <span class='ocrx_word' id='word_1_142' title='bbox 1205 1593 1218 1616; x_wconf 89' lang='lat'>,</span> <span class='ocrx_word' id='word_1_143' title='bbox 1247 1575 1290 1608; x_wconf 89' lang='lat' dir='ltr'>et</span> <span class='ocrx_word' id='word_1_144' title='bbox 1313 1562 1465 1608; x_wconf 85' lang='lat' dir='ltr'>Deus:</span> <span class='ocrx_word' id='word_1_145' title='bbox 1486 1573 1528 1608; x_wconf 91' lang='lat' dir='ltr'>et</span> <span class='ocrx_word' id='word_1_146' title='bbox 1547 1561 1618 1608; x_wconf 90' lang='lat' dir='ltr'>so-</span> 
     </span>
     <span class='ocr_line' id='line_1_20' title="bbox 344 1634 1618 1697; baseline -0.005 -8"><span class='ocrx_word' id='word_1_147' title='bbox 344 1643 403 1690; x_wconf 77' lang='lat' dir='ltr'>cii</span> <span class='ocrx_word' id='word_1_148' title='bbox 431 1641 525 1688; x_wconf 88' lang='lat' dir='ltr'>eius</span> <span class='ocrx_word' id='word_1_149' title='bbox 554 1640 726 1696; x_wconf 84' lang='lat' dir='ltr'>sumus,</span> <span class='ocrx_word' id='word_1_150' title='bbox 755 1653 798 1684; x_wconf 89' lang='lat' dir='ltr'>et</span> <span class='ocrx_word' id='word_1_151' title='bbox 831 1638 1040 1684; x_wconf 87' lang='lat' dir='ltr'>membra.</span> <span class='ocrx_word' id='word_1_152' title='bbox 1078 1636 1230 1697; x_wconf 80' lang='lat' dir='ltr'>Capax</span> <span class='ocrx_word' id='word_1_153' title='bbox 1261 1634 1322 1682; x_wconf 90' lang='lat' dir='ltr'>est</span> <span class='ocrx_word' id='word_1_154' title='bbox 1346 1634 1492 1682; x_wconf 88' lang='lat' dir='ltr'>noster</span> <span class='ocrx_word' id='word_1_155' title='bbox 1520 1635 1618 1682; x_wconf 87' lang='lat' dir='ltr'>ani-</span> 
     </span>
     <span class='ocr_line' id='line_1_21' title="bbox 345 1709 1618 1775; baseline -0.006 -14"><span class='ocrx_word' id='word_1_156' title='bbox 345 1731 469 1761; x_wconf 86' lang='lat' dir='ltr'>mus:</span> <span class='ocrx_word' id='word_1_157' title='bbox 502 1711 715 1775; x_wconf 86' lang='lat' dir='ltr'>perfertur</span> <span class='ocrx_word' id='word_1_158' title='bbox 734 1710 836 1765; x_wconf 80' lang='lat' dir='ltr'>illo,</span> <span class='ocrx_word' id='word_1_159' title='bbox 853 1709 883 1755; x_wconf 82' lang='lat' dir='ltr'>st</span> <span class='ocrx_word' id='word_1_160' title='bbox 906 1709 1012 1755; x_wconf 87' lang='lat' dir='ltr'>vitia</span> <span class='ocrx_word' id='word_1_161' title='bbox 1045 1724 1133 1753; x_wconf 90' lang='lat' dir='ltr'>non</span> <span class='ocrx_word' id='word_1_162' title='bbox 1161 1709 1419 1769; x_wconf 76' lang='lat' dir='ltr'>deprimant.</span> <span class='ocrx_word' id='word_1_163' title='bbox 1446 1711 1618 1768; x_wconf 81' lang='lat' dir='ltr'>Quem-</span> 
     </span>
     <span class='ocr_line' id='line_1_22' title="bbox 347 1779 1620 1846; baseline -0.004 -13"><span class='ocrx_word' id='word_1_164' title='bbox 347 1785 587 1833; x_wconf 83' lang='lat' dir='ltr'>admodum</span> <span class='ocrx_word' id='word_1_165' title='bbox 614 1798 855 1846; x_wconf 87' lang='lat' dir='ltr'>corporum</span> <span class='ocrx_word' id='word_1_166' title='bbox 887 1780 1137 1827; x_wconf 87' lang='lat' dir='ltr'>nostrorum</span> <span class='ocrx_word' id='word_1_167' title='bbox 1164 1779 1333 1827; x_wconf 84' lang='lat' dir='ltr'>habitus</span> <span class='ocrx_word' id='word_1_168' title='bbox 1357 1780 1620 1843; x_wconf 82' lang='lat' dir='ltr'>erigitur‚et</span> 
     </span>
     <span class='ocr_line' id='line_1_23' title="bbox 348 1851 1619 1921; baseline -0.005 -15"><span class='ocrx_word' id='word_1_169' title='bbox 348 1859 510 1921; x_wconf 68' lang='lat' dir='ltr'>speEtat</span> <span class='ocrx_word' id='word_1_170' title='bbox 528 1857 572 1903; x_wconf 90' lang='lat' dir='ltr'>in</span> <span class='ocrx_word' id='word_1_171' title='bbox 593 1856 790 1910; x_wconf 83' lang='lat' dir='ltr'>coelum;</span> <span class='ocrx_word' id='word_1_172' title='bbox 819 1854 875 1900; x_wconf 82' lang='lat' dir='ltr'>ita</span> <span class='ocrx_word' id='word_1_173' title='bbox 893 1853 1060 1900; x_wconf 83' lang='lat' dir='ltr'>animus</span> <span class='ocrx_word' id='word_1_174' title='bbox 1077 1888 1090 1911; x_wconf 85' lang='lat'>‚</span> <span class='ocrx_word' id='word_1_175' title='bbox 1112 1851 1206 1908; x_wconf 87' lang='lat' dir='ltr'>cui,</span> <span class='ocrx_word' id='word_1_176' title='bbox 1223 1854 1480 1914; x_wconf 80' lang='lat' dir='ltr'>inquantum</span> <span class='ocrx_word' id='word_1_177' title='bbox 1499 1852 1619 1912; x_wconf 74' lang='lat' dir='ltr'>vult,</span> 
     </span>
     <span class='ocr_line' id='line_1_24' title="bbox 349 1923 1620 1993; baseline -0.007 -14"><span class='ocrx_word' id='word_1_178' title='bbox 349 1932 453 1979; x_wconf 86' lang='lat' dir='ltr'>licet</span> <span class='ocrx_word' id='word_1_179' title='bbox 480 1928 673 1993; x_wconf 86' lang='lat' dir='ltr'>porrigi,</span> <span class='ocrx_word' id='word_1_180' title='bbox 703 1927 746 1974; x_wconf 83' lang='lat' dir='ltr'>in</span> <span class='ocrx_word' id='word_1_181' title='bbox 775 1929 864 1974; x_wconf 91' lang='lat' dir='ltr'>hoc</span> <span class='ocrx_word' id='word_1_182' title='bbox 884 1943 906 1973; x_wconf 86' lang='lat' dir='ltr'>a</span> <span class='ocrx_word' id='word_1_183' title='bbox 931 1937 1079 1971; x_wconf 79' lang='lat' dir='ltr'>natura</span> <span class='ocrx_word' id='word_1_184' title='bbox 1105 1941 1250 1972; x_wconf 87' lang='lat' dir='ltr'>rerum</span> <span class='ocrx_word' id='word_1_185' title='bbox 1280 1924 1492 1971; x_wconf 86' lang='lat' dir='ltr'>formatus</span> <span class='ocrx_word' id='word_1_186' title='bbox 1526 1923 1586 1972; x_wconf 83' lang='lat' dir='ltr'>est</span> <span class='ocrx_word' id='word_1_187' title='bbox 1603 1959 1620 1982; x_wconf 93' lang='lat'><strong><em>‚</em></strong></span> 
     </span>
     <span class='ocr_line' id='line_1_25' title="bbox 350 1995 1622 2065; baseline -0.005 -16"><span class='ocrx_word' id='word_1_188' title='bbox 350 2018 400 2050; x_wconf 88' lang='lat' dir='ltr'>ut</span> <span class='ocrx_word' id='word_1_189' title='bbox 427 2003 544 2065; x_wconf 86' lang='lat' dir='ltr'>paria</span> <span class='ocrx_word' id='word_1_190' title='bbox 570 2001 650 2047; x_wconf 88' lang='lat' dir='ltr'>diis</span> <span class='ocrx_word' id='word_1_191' title='bbox 675 1999 808 2056; x_wconf 85' lang='lat' dir='ltr'>velit,</span> <span class='ocrx_word' id='word_1_192' title='bbox 832 2012 876 2045; x_wconf 89' lang='lat' dir='ltr'>et</span> <span class='ocrx_word' id='word_1_193' title='bbox 908 1999 964 2044; x_wconf 85' lang='lat' dir='ltr'>fic</span> <span class='ocrx_word' id='word_1_194' title='bbox 996 2010 1137 2047; x_wconf 84' lang='lat' dir='ltr'>utatur</span> <span class='ocrx_word' id='word_1_195' title='bbox 1164 1997 1248 2043; x_wconf 85' lang='lat' dir='ltr'>suis</span> <span class='ocrx_word' id='word_1_196' title='bbox 1276 1995 1471 2052; x_wconf 85' lang='lat' dir='ltr'>viribus,</span> <span class='ocrx_word' id='word_1_197' title='bbox 1501 2012 1552 2042; x_wconf 89' lang='lat' dir='ltr'>ac</span> <span class='ocrx_word' id='word_1_198' title='bbox 1578 1995 1622 2043; x_wconf 89' lang='lat' dir='ltr'>se</span> 
     </span>
     <span class='ocr_line' id='line_1_26' title="bbox 351 2069 1623 2137; baseline -0.006 -15"><span class='ocrx_word' id='word_1_199' title='bbox 351 2076 397 2123; x_wconf 88' lang='lat' dir='ltr'>in</span> <span class='ocrx_word' id='word_1_200' title='bbox 417 2075 600 2137; x_wconf 86' lang='lat' dir='ltr'>spatium</span> <span class='ocrx_word' id='word_1_201' title='bbox 630 2073 751 2119; x_wconf 88' lang='lat' dir='ltr'>suum</span> <span class='ocrx_word' id='word_1_202' title='bbox 773 2072 990 2118; x_wconf 82' lang='lat' dir='ltr'>extendat.</span> <span class='ocrx_word' id='word_1_203' title='bbox 1017 2073 1129 2116; x_wconf 89' lang='lat' dir='ltr'>Nam</span> <span class='ocrx_word' id='word_1_204' title='bbox 1157 2069 1187 2115; x_wconf 87' lang='lat' dir='ltr'>fi</span> <span class='ocrx_word' id='word_1_205' title='bbox 1209 2069 1347 2115; x_wconf 82' lang='lat' dir='ltr'>aliena</span> <span class='ocrx_word' id='word_1_206' title='bbox 1367 2069 1413 2116; x_wconf 91' lang='lat' dir='ltr'>vi</span> <span class='ocrx_word' id='word_1_207' title='bbox 1430 2069 1485 2115; x_wconf 82' lang='lat' dir='ltr'>ad</span> <span class='ocrx_word' id='word_1_208' title='bbox 1505 2069 1623 2115; x_wconf 90' lang='lat' dir='ltr'>sum-</span> 
     </span>
     <span class='ocr_line' id='line_1_27' title="bbox 351 2142 1625 2207; baseline -0.005 -13"><span class='ocrx_word' id='word_1_209' title='bbox 351 2165 423 2194; x_wconf 83' lang='lat' dir='ltr'>ma</span> <span class='ocrx_word' id='word_1_210' title='bbox 441 2147 673 2203; x_wconf 79' lang='lat' dir='ltr'>niteretur,</span> <span class='ocrx_word' id='word_1_211' title='bbox 695 2161 875 2207; x_wconf 77' lang='lat' dir='ltr'>magnus</span> <span class='ocrx_word' id='word_1_212' title='bbox 899 2156 988 2190; x_wconf 86' lang='lat' dir='ltr'>erat</span> <span class='ocrx_word' id='word_1_213' title='bbox 1013 2144 1137 2189; x_wconf 87' lang='lat' dir='ltr'>labor</span> <span class='ocrx_word' id='word_1_214' title='bbox 1152 2177 1164 2200; x_wconf 83' lang='lat'>‚</span> <span class='ocrx_word' id='word_1_215' title='bbox 1182 2143 1245 2188; x_wconf 89' lang='lat' dir='ltr'>ire</span> <span class='ocrx_word' id='word_1_216' title='bbox 1266 2143 1309 2187; x_wconf 88' lang='lat' dir='ltr'>in</span> <span class='ocrx_word' id='word_1_217' title='bbox 1336 2142 1509 2188; x_wconf 77' lang='lat' dir='ltr'>coelum</span> <span class='ocrx_word' id='word_1_218' title='bbox 1532 2158 1625 2188; x_wconf 89' lang='lat' dir='ltr'>:re-</span> 
     </span>
     <span class='ocr_line' id='line_1_28' title="bbox 352 2216 1626 2276; baseline -0.006 -9"><span class='ocrx_word' id='word_1_219' title='bbox 352 2222 430 2267; x_wconf 80' lang='lat' dir='ltr'>dit.</span> <span class='ocrx_word' id='word_1_220' title='bbox 451 2238 551 2268; x_wconf 87' lang='lat' dir='ltr'>cum</span> <span class='ocrx_word' id='word_1_221' title='bbox 577 2221 662 2266; x_wconf 87' lang='lat' dir='ltr'>hoc</span> <span class='ocrx_word' id='word_1_222' title='bbox 687 2218 768 2264; x_wconf 87' lang='lat' dir='ltr'>iter</span> <span class='ocrx_word' id='word_1_223' title='bbox 792 2219 936 2264; x_wconf 60' lang='lat' dir='ltr'>nactus</span> <span class='ocrx_word' id='word_1_224' title='bbox 957 2216 1035 2276; x_wconf 81' lang='lat' dir='ltr'>est,</span> <span class='ocrx_word' id='word_1_225' title='bbox 1062 2216 1181 2263; x_wconf 88' lang='lat' dir='ltr'>vadit</span> <span class='ocrx_word' id='word_1_226' title='bbox 1207 2216 1430 2273; x_wconf 60' lang='lat' dir='ltr'>aud-aeter,</span> <span class='ocrx_word' id='word_1_227' title='bbox 1453 2227 1496 2262; x_wconf 89' lang='lat' dir='ltr'>et</span> <span class='ocrx_word' id='word_1_228' title='bbox 1512 2230 1626 2261; x_wconf 85' lang='lat' dir='ltr'>con-</span> 
     </span>
     <span class='ocr_line' id='line_1_29' title="bbox 353 2287 1625 2351; baseline -0.004 -12"><span class='ocrx_word' id='word_1_229' title='bbox 353 2305 517 2340; x_wconf 82' lang='lat' dir='ltr'>temtor</span> <span class='ocrx_word' id='word_1_230' title='bbox 536 2291 737 2339; x_wconf 88' lang='lat' dir='ltr'>omnium</span> <span class='ocrx_word' id='word_1_231' title='bbox 754 2324 768 2346; x_wconf 92' lang='lat'>‚</span> <span class='ocrx_word' id='word_1_232' title='bbox 800 2307 881 2338; x_wconf 90' lang='lat' dir='ltr'>nec</span> <span class='ocrx_word' id='word_1_233' title='bbox 908 2290 963 2335; x_wconf 75' lang='lat' dir='ltr'>ad</span> <span class='ocrx_word' id='word_1_234' title='bbox 987 2289 1216 2351; x_wconf 83' lang='lat' dir='ltr'>pecuniam</span> <span class='ocrx_word' id='word_1_235' title='bbox 1239 2287 1440 2350; x_wconf 87' lang='lat' dir='ltr'>respicit:</span> <span class='ocrx_word' id='word_1_236' title='bbox 1467 2303 1625 2334; x_wconf 88' lang='lat' dir='ltr'>aurum</span> 
     </span>
     <span class='ocr_line' id='line_1_30' title="bbox 350 2359 1623 2431; baseline -0.007 -17"><span class='ocrx_word' id='word_1_237' title='bbox 350 2379 698 2431; x_wconf 78' lang='lat' dir='ltr'>argentumque,</span> <span class='ocrx_word' id='word_1_238' title='bbox 726 2366 810 2412; x_wconf 83' lang='lat' dir='ltr'>illis</span> <span class='ocrx_word' id='word_1_239' title='bbox 841 2366 886 2410; x_wconf 89' lang='lat' dir='ltr'>in</span> <span class='ocrx_word' id='word_1_240' title='bbox 919 2364 1075 2427; x_wconf 88' lang='lat' dir='ltr'>quibus</span> <span class='ocrx_word' id='word_1_241' title='bbox 1107 2363 1278 2409; x_wconf 87' lang='lat' dir='ltr'>iacuere</span> <span class='ocrx_word' id='word_1_242' title='bbox 1306 2360 1492 2408; x_wconf 90' lang='lat' dir='ltr'>tenebris</span> <span class='ocrx_word' id='word_1_243' title='bbox 1524 2359 1623 2423; x_wconf 83' lang='lat' dir='ltr'>dig-</span> 
     </span>
     <span class='ocr_line' id='line_1_31' title="bbox 282 2433 1623 2502; baseline -0.007 -14"><span class='ocrx_word' id='word_1_244' title='bbox 282 2493 284 2495; x_wconf 9' lang='lat'><em>*</em></span> <span class='ocrx_word' id='word_1_245' title='bbox 350 2441 545 2502; x_wconf 79' lang='lat' dir='ltr'>niffima,</span> <span class='ocrx_word' id='word_1_246' title='bbox 568 2456 660 2488; x_wconf 86' lang='lat' dir='ltr'>non</span> <span class='ocrx_word' id='word_1_247' title='bbox 687 2440 742 2487; x_wconf 86' lang='lat' dir='ltr'>ad</span> <span class='ocrx_word' id='word_1_248' title='bbox 763 2440 880 2488; x_wconf 88' lang='lat' dir='ltr'>hunc</span> <span class='ocrx_word' id='word_1_249' title='bbox 903 2436 1094 2486; x_wconf 85' lang='lat' dir='ltr'>aestimat</span> <span class='ocrx_word' id='word_1_250' title='bbox 1112 2435 1410 2500; x_wconf 74' lang='lat' dir='ltr'>splendorem,</span> <span class='ocrx_word' id='word_1_251' title='bbox 1429 2450 1520 2500; x_wconf 83' lang='lat' dir='ltr'>quo</span> <span class='ocrx_word' id='word_1_252' title='bbox 1537 2433 1623 2481; x_wconf 80' lang='lat' dir='ltr'>im-</span> 
     </span>
    </p>
   </div>
   <div class='ocr_carea' id='block_1_5' title="bbox 1716 0 1797 2956">
    <p class='ocr_par' dir='ltr' id='par_1_5' title="bbox 1716 0 1797 2956">
     <span class='ocr_line' id='line_1_32' title="bbox 1716 0 1797 2956; baseline 0 0"><span class='ocrx_word' id='word_1_253' title='bbox 1716 0 1797 2956; x_wconf 95' lang='lat' dir='ltr'> </span> 
     </span>
    </p>
   </div>
  </div>
 </body>
</html>
