1797 2956
314 178 470 231 μι-
556 167 1353 215 L.ANNAE18ENECAE

309 288 530 338 corpore,
558 291 612 320 an
631 275 676 320 in
703 273 852 320 animo
871 273 1009 337 posita
1034 275 1095 322 fit.
1128 277 1194 322 Ad
1222 277 1436 324 muficum
1456 288 1595 325 trans-

309 365 380 396 eo.
409 351 561 398 Doces
590 366 659 399 me
678 385 692 407 ‚
727 350 961 412 quomodo
988 349 1099 396 inter
1126 350 1166 398 se
1187 364 1335 399 acutae
1366 368 1416 398 ac
1443 369 1597 416 graves

311 441 454 471 voces
479 424 739 481 consonent,
758 424 993 485 quomedo
1013 441 1257 473 nervorum
1277 427 1486 490 disparem
1506 429 1597 474 red·
1644 474 1645 478 ,

312 497 512 544 dentium
530 498 685 543 sonum
705 495 778 542 fiat
794 496 1048 543 concordia.
1071 499 1153 544 Fac
1167 499 1335 561 potius,
1361 500 1596 562 quomodo

311 570 483 618 animus
509 571 654 618 secum
681 588 805 619 meus
823 570 1066 626 consonet,
1089 588 1170 618 nec
1192 573 1372 618 consilia
1393 589 1488 618 mea
1508 571 1595 618 dis-

312 658 509 702 crepent.
542 641 761 690 Monstras
780 643 913 700 mihi,
931 643 1005 705 qui
1025 643 1105 689 suit
1126 644 1248 689 modi
1269 643 1446 690 flebiles.
1473 660 1598 690 mon·

314 714 396 760 stra
434 716 609 778 potius,
644 717 879 778 quomodo
920 717 1035 763 inter·
1068 716 1245 764 adversa
1276 735 1366 764 non
1401 718 1597 764 emittam

314 788 506 836 flebilem
543 807 722 837 vocem.
771 790 920 842 Metiri
953 808 1025 837 me
1058 804 1303 854 geometres
1336 792 1466 838 docet
1497 793 1598 839 lati-

314 861 482 909 fundia.
521 865 669 926 potius
706 864 894 922 doceat,
930 865 1164 928 quomodo
1202 866 1358 911 metiar
1389 877 1600 928 quantu-m

314 936 488 982 homini
524 938 573 983 sit
606 937 714 983 satis.
755 939 1000 985 Numerare
1034 940 1166 985 docet
1202 955 1271 984 me
1302 939 1601 996 arithmetica,

313 1023 358 1057 et
381 1011 590 1058 avaritiae
618 1012 907 1057 commodare
937 1012 1113 1076 digitos.
1145 1013 1294 1075 potius
1323 1013 1510 1069 doceat,
1532 1011 1600 1057 ni-

314 1084 377 1130 hil
400 1084 454 1131 ad
482 1100 574 1129 rem
606 1084 824 1146 pertinere
858 1083 954 1131 istas
985 1086 1354 1147 computationes.
1392 1101 1485 1132 non
1516 1083 1602 1131 effe

314 1155 566 1203 feliciorem
584 1191 597 1212 ‚
621 1155 742 1202 cuius
763 1156 1077 1218 patrimonium
1098 1156 1332 1204 tabularios
1354 1156 1500 1211 laffatz-
1519 1155 1602 1201 im-

317 1247 395 1276 mo
420 1247 551 1294 quam
592 1230 858 1291 supervacua
892 1229 1102 1291 possideat
1127 1247 1136 1275 :
1181 1230 1258 1292 qui
1285 1227 1603 1275 infeliciffimus

316 1303 490 1351 futurus
519 1300 608 1356 est,
640 1301 670 1346 si
700 1314 909 1364 quantum
943 1302 1127 1357 habeat,
1160 1318 1238 1365 per
1271 1301 1314 1348 se
1345 1314 1604 1363 computare

315 1389 516 1440 cogatur.
551 1373 676 1435 Quid
700 1373 808 1419 mihi
837 1373 1041 1436 prodest,
1072 1374 1178 1422 scire
1210 1374 1395 1438 agellum
1429 1374 1475 1419 in
1501 1388 1604 1437 par-

318 1466 384 1499 tes
411 1449 612 1497 dividere
632 1484 644 1506 ‚
672 1448 702 1494 fi
727 1447 872 1494 nescio
903 1465 1003 1496 cum
1039 1447 1172 1498 fratre
1199 1446 1430 1495 dividere?
1476 1445 1603 1508 Quid

316 1525 497 1589 prodest-
525 1524 732 1587 colligere
753 1522 963 1569 subtiliter
985 1523 1114 1586 pedes
1139 1523 1277 1588 iugeri
1294 1559 1307 1579 ,
1330 1534 1372 1568 et
1399 1536 1602 1584 compre-

316 1603 514 1654 hendere
541 1601 671 1648 etiam
705 1598 734 1644 fi
763 1599 869 1662 quid
898 1599 1210 1662 decempedam
1247 1597 1402 1660 effugit
1423 1629 1438 1651 ‚
1464 1595 1494 1642 fi
1523 1595 1603 1642 tti-

316 1675 426 1722 stem
463 1691 534 1722 me
565 1672 672 1720 facit
702 1671 872 1720 vicinus
911 1687 1100 1734 potens,
1136 1682 1179 1717 et
1206 1670 1371 1732 aliquid
1409 1687 1465 1715 ex
1499 1683 1604 1714 meo

314 1746 568 1794 abradens?
605 1746 760 1792 Doces
796 1761 891 1800 me,
927 1744 1162 1808 quomodo
1200 1742 1308 1788 nihil
1336 1742 1515 1803 perdam
1549 1756 1606 1785 ex*

316 1821 482 1868 finibus.
495 1819 631 1869 meis?
651 1829 693 1866 at
712 1834 797 1881 ego
818 1817 982 1865 discere
994 1818 1119 1872 vole,
1142 1814 1378 1879 quomodo
1398 1827 1519 1860 totos
1535 1811 1604 1858 hi-

314 1895 416 1942 laris
443 1895 656 1941 amittam.
693 1894 880 1938 Paterno
906 1908 1040 1953 agro,
1059 1890 1221 1953 inquit,
1241 1901 1284 1935 et
1303 1888 1427 1935 avito
1450 1884 1603 1948 expel-

314 1969 398 2014 lor.
436 1965 597 2026 Quid?
624 1975 722 2012 ante
755 1979 889 2008 avum
917 1974 1045 2007 tuum
1072 1959 1169 2023 quis
1195 1959 1322 2006 istum
1348 1976 1503 2023 agrum
1533 1971 1602 2004 te-

312 2040 448 2089 nuit?
477 2040 640 2094 Cuius,
667 2054 758 2094 non
788 2036 891 2082 dico
920 2035 1137 2089 hominis,
1170 2034 1242 2080 sed
1266 2033 1418 2096 populi
1438 2031 1575 2079 fuerit
1587 2066 1607 2089 9,

313 2113 526 2177 expedire
548 2110 702 2175 potes?
724 2110 832 2155 Non
862 2108 1071 2155 dominus
1086 2105 1206 2167 istos
1226 2106 1299 2152 sed
1328 2106 1512 2152 colonus
1532 2104 1604 2149 ina-

251 2201 255 2205 “
312 2187 446 2235 tra-sti.
477 2186 615 2233 Cuius
637 2183 822 2230 colonus
846 2199 889 2229 es
908 2182 928 2229 ἒ
949 2181 978 2227 fi
1007 2181 1117 2227 bene
1145 2192 1298 2226 tecum
1330 2177 1493 2241 agitur,
1522 2178 1602 2223 he-

313 2261 443 2308 redis.
469 2261 643 2322 Negant
670 2254 962 2303 iurisconsulti
988 2254 1231 2317 quidquam
1257 2250 1462 2314 usucapi,
1479 2249 1604 2313 quod

314 2335 541 2398 publicum
557 2332 646 2379 est:
674 2330 900 2394 publicum
932 2327 992 2374 est
1017 2328 1105 2375 hoc
1124 2326 1246 2390 quod
1267 2338 1416 2384 tenes,
1443 2336 1485 2369 et
1500 2321 1604 2386 qui«

316 2415 419 2462 dem
438 2414 607 2476 generis
620 2411 811 2458 humani.
824 2411 869 2456 O
889 2409 1108 2473 egregiam
1128 2420 1262 2453 artem
1279 2405 1294 2452 ‚¹³
1312 2405 1392 2452 scis
1414 2402 1602 2450 rotunda

317 2487 464 2533 metiri
484 2503 494 2532 :
514 2485 561 2546 in
581 2485 840 2548 quadratum
868 2482 1030 2548 redigis
1056 2495 1367 2549 quamcunque
1386 2475 1604 2540 acceperis
