<?xml version="1.0" encoding="UTF-8"?>
<!DOCTYPE html PUBLIC "-//W3C//DTD XHTML 1.0 Transitional//EN"
    "http://www.w3.org/TR/xhtml1/DTD/xhtml1-transitional.dtd">
<html xmlns="http://www.w3.org/1999/xhtml" xml:lang="en" lang="en">
 <head>
  <title>
</title>
<meta http-equiv="Content-Type" content="text/html;charset=utf-8" />
  <meta name='ocr-system' content='tesseract 3.04.00' />
  <meta name='ocr-capabilities' content='ocr_page ocr_carea ocr_par ocr_line ocrx_word'/>
</head>
<body>
  <div class='ocr_page' id='page_1' title='image "./lannaeisenecaeph03seneuoft_0344.png"; bbox 0 0 1797 2956; ppageno 0'>
   <div class='ocr_carea' id='block_1_1' title="bbox 406 152 1456 214">
    <p class='ocr_par' dir='ltr' id='par_1_1' title="bbox 406 152 1456 214">
     <span class='ocr_line' id='line_1_1' title="bbox 406 152 1456 214; baseline 0 -15"><span class='ocrx_word' id='word_1_1' title='bbox 406 155 495 214; x_wconf 85' lang='lat'>336</span> <span class='ocrx_word' id='word_1_2' title='bbox 629 152 1036 199; x_wconf 79' lang='lat' dir='ltr'><strong>LANNAEI</strong></span> <span class='ocrx_word' id='word_1_3' title='bbox 1085 152 1456 199; x_wconf 83' lang='lat' dir='ltr'><strong>SENECAE</strong></span> 
     </span>
    </p>
   </div>
   <div class='ocr_carea' id='block_1_2' title="bbox 394 257 1688 2528">
    <p class='ocr_par' dir='ltr' id='par_1_2' title="bbox 394 257 1688 2528">
     <span class='ocr_line' id='line_1_2' title="bbox 399 257 1687 323; baseline 0.003 -17"><span class='ocrx_word' id='word_1_4' title='bbox 399 260 545 316; x_wconf 89' lang='lat' dir='ltr'>Duas,</span> <span class='ocrx_word' id='word_1_5' title='bbox 565 259 723 323; x_wconf 88' lang='lat' dir='ltr'>inquit,</span> <span class='ocrx_word' id='word_1_6' title='bbox 751 257 1085 320; x_wconf 80' lang='lat' dir='ltr'>significationes</span> <span class='ocrx_word' id='word_1_7' title='bbox 1107 258 1235 304; x_wconf 89' lang='lat' dir='ltr'>habet</span> <span class='ocrx_word' id='word_1_8' title='bbox 1257 259 1504 322; x_wconf 84' lang='lat' dir='ltr'>propofitio</span> <span class='ocrx_word' id='word_1_9' title='bbox 1529 261 1687 312; x_wconf 79' lang='lat' dir='ltr'>vestra.</span> 
     </span>
     <span class='ocr_line' id='line_1_3' title="bbox 398 329 1687 392; baseline 0.003 -13"><span class='ocrx_word' id='word_1_10' title='bbox 398 349 534 380; x_wconf 88' lang='lat' dir='ltr'>unam</span> <span class='ocrx_word' id='word_1_11' title='bbox 548 367 562 389; x_wconf 93' lang='lat'><strong>‚</strong></span> <span class='ocrx_word' id='word_1_12' title='bbox 582 332 688 377; x_wconf 84' lang='lat' dir='ltr'>dum</span> <span class='ocrx_word' id='word_1_13' title='bbox 711 329 886 376; x_wconf 86' lang='lat' dir='ltr'>divitias</span> <span class='ocrx_word' id='word_1_14' title='bbox 906 329 1113 392; x_wconf 89' lang='lat' dir='ltr'>consequi</span> <span class='ocrx_word' id='word_1_15' title='bbox 1131 332 1336 378; x_wconf 87' lang='lat' dir='ltr'>volumus</span> <span class='ocrx_word' id='word_1_16' title='bbox 1351 333 1426 390; x_wconf 90' lang='lat' dir='ltr'>,.in</span> <span class='ocrx_word' id='word_1_17' title='bbox 1451 335 1584 380; x_wconf 85' lang='lat' dir='ltr'>multa</span> <span class='ocrx_word' id='word_1_18' title='bbox 1606 353 1687 384; x_wconf 87' lang='lat' dir='ltr'>nos</span> 
     </span>
     <span class='ocr_line' id='line_1_4' title="bbox 398 401 1687 456; baseline 0.002 -3"><span class='ocrx_word' id='word_1_19' title='bbox 398 404 516 454; x_wconf 85' lang='lat' dir='ltr'>mala</span> <span class='ocrx_word' id='word_1_20' title='bbox 551 403 779 451; x_wconf 85' lang='lat' dir='ltr'><strong>incidere:</strong></span> <span class='ocrx_word' id='word_1_21' title='bbox 820 401 864 447; x_wconf 90' lang='lat' dir='ltr'>in</span> <span class='ocrx_word' id='word_1_22' title='bbox 893 402 1024 448; x_wconf 89' lang='lat' dir='ltr'>multa</span> <span class='ocrx_word' id='word_1_23' title='bbox 1061 419 1205 450; x_wconf 87' lang='lat' dir='ltr'>autem</span> <span class='ocrx_word' id='word_1_24' title='bbox 1234 405 1347 451; x_wconf 82' lang='lat' dir='ltr'>mala</span> <span class='ocrx_word' id='word_1_25' title='bbox 1377 405 1610 454; x_wconf 84' lang='lat' dir='ltr'>incidimus</span> <span class='ocrx_word' id='word_1_26' title='bbox 1639 421 1687 456; x_wconf 88' lang='lat' dir='ltr'>et</span> 
     </span>
     <span class='ocr_line' id='line_1_5' title="bbox 399 474 1686 541; baseline 0.002 -16"><span class='ocrx_word' id='word_1_27' title='bbox 399 481 508 526; x_wconf 88' lang='lat' dir='ltr'>dum</span> <span class='ocrx_word' id='word_1_28' title='bbox 530 476 736 525; x_wconf 88' lang='lat' dir='ltr'>virtutem</span> <span class='ocrx_word' id='word_1_29' title='bbox 755 474 964 539; x_wconf 89' lang='lat' dir='ltr'>consequi</span> <span class='ocrx_word' id='word_1_30' title='bbox 990 477 1213 524; x_wconf 84' lang='lat' dir='ltr'>volumus.</span> <span class='ocrx_word' id='word_1_31' title='bbox 1235 478 1402 541; x_wconf 79' lang='lat' dir='ltr'>Aliquis</span> <span class='ocrx_word' id='word_1_32' title='bbox 1422 511 1436 532; x_wconf 86' lang='lat'><strong>‚</strong></span> <span class='ocrx_word' id='word_1_33' title='bbox 1466 479 1572 526; x_wconf 86' lang='lat' dir='ltr'>dum</span> <span class='ocrx_word' id='word_1_34' title='bbox 1604 499 1686 528; x_wconf 91' lang='lat' dir='ltr'>na·-</span> 
     </span>
     <span class='ocr_line' id='line_1_6' title="bbox 399 547 1687 615; baseline 0.001 -17"><span class='ocrx_word' id='word_1_35' title='bbox 399 553 523 615; x_wconf 88' lang='lat' dir='ltr'>vigat</span> <span class='ocrx_word' id='word_1_36' title='bbox 554 549 681 596; x_wconf 88' lang='lat' dir='ltr'>studii</span> <span class='ocrx_word' id='word_1_37' title='bbox 705 548 829 596; x_wconf 88' lang='lat' dir='ltr'>causa</span> <span class='ocrx_word' id='word_1_38' title='bbox 846 583 860 606; x_wconf 92' lang='lat'>,</span> <span class='ocrx_word' id='word_1_39' title='bbox 892 547 1165 612; x_wconf 81' lang='lat' dir='ltr'>naufragium</span> <span class='ocrx_word' id='word_1_40' title='bbox 1198 547 1304 595; x_wconf 87' lang='lat' dir='ltr'>fecit</span> <span class='ocrx_word' id='word_1_41' title='bbox 1325 568 1336 596; x_wconf 90' lang='lat'>:</span> <span class='ocrx_word' id='word_1_42' title='bbox 1362 550 1517 614; x_wconf 86' lang='lat' dir='ltr'>aliquis</span> <span class='ocrx_word' id='word_1_43' title='bbox 1536 566 1687 615; x_wconf 89' lang='lat' dir='ltr'>captus</span> 
     </span>
     <span class='ocr_line' id='line_1_7' title="bbox 397 621 1686 687; baseline -0.002 -13"><span class='ocrx_word' id='word_1_44' title='bbox 397 626 475 673; x_wconf 83' lang='lat' dir='ltr'>est.</span> <span class='ocrx_word' id='word_1_45' title='bbox 495 625 638 671; x_wconf 86' lang='lat' dir='ltr'>Altera</span> <span class='ocrx_word' id='word_1_46' title='bbox 662 621 920 687; x_wconf 82' lang='lat' dir='ltr'>significatio</span> <span class='ocrx_word' id='word_1_47' title='bbox 945 622 1040 670; x_wconf 89' lang='lat' dir='ltr'>talis</span> <span class='ocrx_word' id='word_1_48' title='bbox 1064 621 1148 670; x_wconf 89' lang='lat' dir='ltr'>est:</span> <span class='ocrx_word' id='word_1_49' title='bbox 1174 623 1257 670; x_wconf 87' lang='lat' dir='ltr'>Per</span> <span class='ocrx_word' id='word_1_50' title='bbox 1283 625 1403 684; x_wconf 89' lang='lat' dir='ltr'>quod</span> <span class='ocrx_word' id='word_1_51' title='bbox 1426 626 1471 671; x_wconf 88' lang='lat' dir='ltr'>in</span> <span class='ocrx_word' id='word_1_52' title='bbox 1491 626 1686 672; x_wconf 84' lang='lat' dir='ltr'>malain·</span> 
     </span>
     <span class='ocr_line' id='line_1_8' title="bbox 397 696 1686 760; baseline 0.001 -14"><span class='ocrx_word' id='word_1_53' title='bbox 397 699 615 756; x_wconf 87' lang='lat' dir='ltr'>cidimus‚</span> <span class='ocrx_word' id='word_1_54' title='bbox 646 698 692 744; x_wconf 89' lang='lat' dir='ltr'>id</span> <span class='ocrx_word' id='word_1_55' title='bbox 719 697 885 743; x_wconf 89' lang='lat' dir='ltr'>bonum</span> <span class='ocrx_word' id='word_1_56' title='bbox 911 713 1002 742; x_wconf 90' lang='lat' dir='ltr'>non</span> <span class='ocrx_word' id='word_1_57' title='bbox 1032 696 1108 743; x_wconf 88' lang='lat' dir='ltr'>est.</span> <span class='ocrx_word' id='word_1_58' title='bbox 1138 697 1254 744; x_wconf 78' lang='lat' dir='ltr'>Huic</span> <span class='ocrx_word' id='word_1_59' title='bbox 1277 699 1570 760; x_wconf 76' lang='lat' dir='ltr'>propositioni</span> <span class='ocrx_word' id='word_1_60' title='bbox 1593 716 1686 747; x_wconf 89' lang='lat' dir='ltr'>non</span> 
     </span>
     <span class='ocr_line' id='line_1_9' title="bbox 398 768 1686 835; baseline -0.001 -16"><span class='ocrx_word' id='word_1_61' title='bbox 398 772 482 819; x_wconf 87' lang='lat' dir='ltr'>erit</span> <span class='ocrx_word' id='word_1_62' title='bbox 505 770 774 834; x_wconf 88' lang='lat' dir='ltr'>consequens</span> <span class='ocrx_word' id='word_1_63' title='bbox 790 805 804 826; x_wconf 83' lang='lat'>,</span> <span class='ocrx_word' id='word_1_64' title='bbox 831 786 907 832; x_wconf 85' lang='lat' dir='ltr'>per</span> <span class='ocrx_word' id='word_1_65' title='bbox 933 768 1108 817; x_wconf 89' lang='lat' dir='ltr'>divitias</span> <span class='ocrx_word' id='word_1_66' title='bbox 1133 786 1239 828; x_wconf 88' lang='lat' dir='ltr'>nos,</span> <span class='ocrx_word' id='word_1_67' title='bbox 1267 785 1341 817; x_wconf 89' lang='lat' dir='ltr'>aut</span> <span class='ocrx_word' id='word_1_68' title='bbox 1366 786 1444 833; x_wconf 84' lang='lat' dir='ltr'>per</span> <span class='ocrx_word' id='word_1_69' title='bbox 1469 771 1686 835; x_wconf 85' lang='lat' dir='ltr'>volupta-</span> 
     </span>
     <span class='ocr_line' id='line_1_10' title="bbox 399 842 1687 902; baseline -0.002 -8"><span class='ocrx_word' id='word_1_70' title='bbox 399 859 464 894; x_wconf 80' lang='lat' dir='ltr'>tes</span> <span class='ocrx_word' id='word_1_71' title='bbox 487 847 530 892; x_wconf 90' lang='lat' dir='ltr'>in</span> <span class='ocrx_word' id='word_1_72' title='bbox 552 846 662 891; x_wconf 83' lang='lat' dir='ltr'>mala</span> <span class='ocrx_word' id='word_1_73' title='bbox 690 844 881 891; x_wconf 83' lang='lat' dir='ltr'>incidere</span> <span class='ocrx_word' id='word_1_74' title='bbox 907 859 1007 890; x_wconf 88' lang='lat' dir='ltr'>:aut</span> <span class='ocrx_word' id='word_1_75' title='bbox 1029 842 1058 888; x_wconf 82' lang='lat' dir='ltr'>fi</span> <span class='ocrx_word' id='word_1_76' title='bbox 1080 859 1157 902; x_wconf 85' lang='lat' dir='ltr'>per</span> <span class='ocrx_word' id='word_1_77' title='bbox 1184 843 1355 889; x_wconf 86' lang='lat' dir='ltr'>divitias</span> <span class='ocrx_word' id='word_1_78' title='bbox 1373 844 1418 890; x_wconf 91' lang='lat' dir='ltr'>in</span> <span class='ocrx_word' id='word_1_79' title='bbox 1443 845 1575 891; x_wconf 89' lang='lat' dir='ltr'>multa</span> <span class='ocrx_word' id='word_1_80' title='bbox 1592 861 1687 891; x_wconf 91' lang='lat' dir='ltr'>ma-</span> 
     </span>
     <span class='ocr_line' id='line_1_11' title="bbox 397 917 1687 977; baseline -0.002 -11"><span class='ocrx_word' id='word_1_81' title='bbox 397 920 440 966; x_wconf 78' lang='lat' dir='ltr'>la</span> <span class='ocrx_word' id='word_1_82' title='bbox 464 919 724 975; x_wconf 86' lang='lat' dir='ltr'>incidimus,</span> <span class='ocrx_word' id='word_1_83' title='bbox 745 934 834 963; x_wconf 88' lang='lat' dir='ltr'>non</span> <span class='ocrx_word' id='word_1_84' title='bbox 860 929 1029 964; x_wconf 88' lang='lat' dir='ltr'>tantum</span> <span class='ocrx_word' id='word_1_85' title='bbox 1046 917 1215 963; x_wconf 88' lang='lat' dir='ltr'>bonum</span> <span class='ocrx_word' id='word_1_86' title='bbox 1239 917 1420 964; x_wconf 85' lang='lat' dir='ltr'>divitiae</span> <span class='ocrx_word' id='word_1_87' title='bbox 1445 934 1537 965; x_wconf 90' lang='lat' dir='ltr'>non</span> <span class='ocrx_word' id='word_1_88' title='bbox 1561 919 1687 977; x_wconf 87' lang='lat' dir='ltr'>sunt,</span> 
     </span>
     <span class='ocr_line' id='line_1_12' title="bbox 397 990 1687 1047; baseline 0 -8"><span class='ocrx_word' id='word_1_89' title='bbox 397 994 472 1039; x_wconf 81' lang='lat' dir='ltr'>sed</span> <span class='ocrx_word' id='word_1_90' title='bbox 496 992 660 1038; x_wconf 85' lang='lat' dir='ltr'>malum</span> <span class='ocrx_word' id='word_1_91' title='bbox 685 992 794 1038; x_wconf 88' lang='lat' dir='ltr'>sunt.</span> <span class='ocrx_word' id='word_1_92' title='bbox 817 993 914 1037; x_wconf 90' lang='lat' dir='ltr'>Vos</span> <span class='ocrx_word' id='word_1_93' title='bbox 941 1004 1086 1037; x_wconf 89' lang='lat' dir='ltr'>autem</span> <span class='ocrx_word' id='word_1_94' title='bbox 1107 990 1198 1037; x_wconf 87' lang='lat' dir='ltr'>illas</span> <span class='ocrx_word' id='word_1_95' title='bbox 1222 990 1364 1038; x_wconf 74' lang='lat' dir='ltr'>dicitis</span> <span class='ocrx_word' id='word_1_96' title='bbox 1390 1003 1583 1047; x_wconf 87' lang='lat' dir='ltr'>tantum,</span> <span class='ocrx_word' id='word_1_97' title='bbox 1603 993 1687 1039; x_wconf 94' lang='lat' dir='ltr'>bo-</span> 
     </span>
     <span class='ocr_line' id='line_1_13' title="bbox 396 1063 1688 1127; baseline 0.002 -15"><span class='ocrx_word' id='word_1_98' title='bbox 396 1083 504 1112; x_wconf 87' lang='lat' dir='ltr'>num</span> <span class='ocrx_word' id='word_1_99' title='bbox 531 1083 623 1112; x_wconf 88' lang='lat' dir='ltr'>non</span> <span class='ocrx_word' id='word_1_100' title='bbox 648 1065 744 1113; x_wconf 80' lang='lat' dir='ltr'>effe.</span> <span class='ocrx_word' id='word_1_101' title='bbox 773 1068 1028 1121; x_wconf 80' lang='lat' dir='ltr'>Praeterea,</span> <span class='ocrx_word' id='word_1_102' title='bbox 1052 1063 1218 1127; x_wconf 85' lang='lat' dir='ltr'>inquit,</span> <span class='ocrx_word' id='word_1_103' title='bbox 1248 1065 1489 1112; x_wconf 88' lang='lat' dir='ltr'>conceditis</span> <span class='ocrx_word' id='word_1_104' title='bbox 1512 1066 1688 1114; x_wconf 76' lang='lat' dir='ltr'>divitias</span> 
     </span>
     <span class='ocr_line' id='line_1_14' title="bbox 396 1138 1686 1201; baseline 0.002 -15"><span class='ocrx_word' id='word_1_105' title='bbox 396 1141 556 1186; x_wconf 84' lang='lat' dir='ltr'>habere</span> <span class='ocrx_word' id='word_1_106' title='bbox 578 1139 743 1201; x_wconf 86' lang='lat' dir='ltr'>aliquid</span> <span class='ocrx_word' id='word_1_107' title='bbox 762 1138 860 1185; x_wconf 86' lang='lat' dir='ltr'>usus</span> <span class='ocrx_word' id='word_1_108' title='bbox 883 1156 894 1184; x_wconf 89' lang='lat'>:</span> <span class='ocrx_word' id='word_1_109' title='bbox 913 1139 1027 1185; x_wconf 89' lang='lat' dir='ltr'>inter</span> <span class='ocrx_word' id='word_1_110' title='bbox 1053 1138 1295 1184; x_wconf 86' lang='lat' dir='ltr'>commoda</span> <span class='ocrx_word' id='word_1_111' title='bbox 1318 1138 1410 1184; x_wconf 87' lang='lat' dir='ltr'>illas</span> <span class='ocrx_word' id='word_1_112' title='bbox 1435 1140 1686 1188; x_wconf 88' lang='lat' dir='ltr'>numeratis.</span> 
     </span>
     <span class='ocr_line' id='line_1_15' title="bbox 396 1209 1683 1275; baseline 0 -17"><span class='ocrx_word' id='word_1_113' title='bbox 396 1211 538 1275; x_wconf 79' lang='lat' dir='ltr'>Atqui</span> <span class='ocrx_word' id='word_1_114' title='bbox 562 1212 716 1257; x_wconf 84' lang='lat' dir='ltr'>eadem</span> <span class='ocrx_word' id='word_1_115' title='bbox 737 1209 909 1256; x_wconf 87' lang='lat' dir='ltr'>ratione</span> <span class='ocrx_word' id='word_1_116' title='bbox 929 1225 983 1254; x_wconf 86' lang='lat' dir='ltr'>ne</span> <span class='ocrx_word' id='word_1_117' title='bbox 1004 1209 1295 1255; x_wconf 87' lang='lat' dir='ltr'>commodum</span> <span class='ocrx_word' id='word_1_118' title='bbox 1317 1211 1498 1272; x_wconf 83' lang='lat' dir='ltr'>quidem</span> <span class='ocrx_word' id='word_1_119' title='bbox 1519 1225 1650 1258; x_wconf 89' lang='lat' dir='ltr'>erunt</span> <span class='ocrx_word' id='word_1_120' title='bbox 1669 1229 1683 1258; x_wconf 72' lang='grc' dir='ltr'>ε</span> 
     </span>
     <span class='ocr_line' id='line_1_16' title="bbox 397 1281 1687 1348; baseline 0 -17"><span class='ocrx_word' id='word_1_121' title='bbox 397 1302 477 1348; x_wconf 82' lang='lat' dir='ltr'>per</span> <span class='ocrx_word' id='word_1_122' title='bbox 494 1285 589 1331; x_wconf 80' lang='lat' dir='ltr'>illas</span> <span class='ocrx_word' id='word_1_123' title='bbox 609 1284 725 1331; x_wconf 84' lang='lat' dir='ltr'>enim</span> <span class='ocrx_word' id='word_1_124' title='bbox 748 1284 880 1329; x_wconf 82' lang='lat' dir='ltr'>multa</span> <span class='ocrx_word' id='word_1_125' title='bbox 902 1283 1031 1328; x_wconf 89' lang='lat' dir='ltr'>nobis</span> <span class='ocrx_word' id='word_1_126' title='bbox 1054 1281 1344 1330; x_wconf 89' lang='lat' dir='ltr'>incommoda</span> <span class='ocrx_word' id='word_1_127' title='bbox 1364 1285 1590 1332; x_wconf 89' lang='lat' dir='ltr'>eveniunt.</span> <span class='ocrx_word' id='word_1_128' title='bbox 1607 1285 1687 1332; x_wconf 88' lang='lat' dir='ltr'>His</span> 
     </span>
     <span class='ocr_line' id='line_1_17' title="bbox 396 1356 1683 1421; baseline 0.002 -17"><span class='ocrx_word' id='word_1_129' title='bbox 396 1359 578 1421; x_wconf 83' lang='lat' dir='ltr'>quidam</span> <span class='ocrx_word' id='word_1_130' title='bbox 605 1359 694 1404; x_wconf 92' lang='lat' dir='ltr'>hoc</span> <span class='ocrx_word' id='word_1_131' title='bbox 723 1357 987 1419; x_wconf 79' lang='lat' dir='ltr'>respondent</span> <span class='ocrx_word' id='word_1_132' title='bbox 1015 1372 1028 1400; x_wconf 89' lang='lat'>:</span> <span class='ocrx_word' id='word_1_133' title='bbox 1064 1356 1248 1412; x_wconf 86' lang='lat' dir='ltr'>Erratis,</span> <span class='ocrx_word' id='word_1_134' title='bbox 1282 1357 1358 1420; x_wconf 87' lang='lat' dir='ltr'>qui</span> <span class='ocrx_word' id='word_1_135' title='bbox 1392 1358 1683 1406; x_wconf 86' lang='lat' dir='ltr'>incommoda</span> 
     </span>
     <span class='ocr_line' id='line_1_18' title="bbox 397 1429 1684 1492; baseline -0.001 -14"><span class='ocrx_word' id='word_1_136' title='bbox 397 1430 564 1478; x_wconf 86' lang='lat' dir='ltr'>divitiis</span> <span class='ocrx_word' id='word_1_137' title='bbox 580 1430 815 1492; x_wconf 74' lang='lat' dir='ltr'>imputatis,</span> <span class='ocrx_word' id='word_1_138' title='bbox 842 1429 940 1475; x_wconf 77' lang='lat' dir='ltr'>illae</span> <span class='ocrx_word' id='word_1_139' title='bbox 954 1429 1175 1476; x_wconf 84' lang='lat' dir='ltr'>neminem</span> <span class='ocrx_word' id='word_1_140' title='bbox 1197 1429 1385 1477; x_wconf 85' lang='lat' dir='ltr'>laedunt.</span> <span class='ocrx_word' id='word_1_141' title='bbox 1404 1444 1478 1478; x_wconf 85' lang='lat' dir='ltr'>aut</span> <span class='ocrx_word' id='word_1_142' title='bbox 1494 1431 1566 1478; x_wconf 86' lang='lat' dir='ltr'>sua</span> <span class='ocrx_word' id='word_1_143' title='bbox 1589 1432 1684 1478; x_wconf 89' lang='lat' dir='ltr'>eui-</span> 
     </span>
     <span class='ocr_line' id='line_1_19' title="bbox 396 1505 1685 1572; baseline 0 -18"><span class='ocrx_word' id='word_1_144' title='bbox 396 1525 485 1572; x_wconf 89' lang='lat' dir='ltr'>que</span> <span class='ocrx_word' id='word_1_145' title='bbox 509 1520 642 1555; x_wconf 89' lang='lat' dir='ltr'>nocet</span> <span class='ocrx_word' id='word_1_146' title='bbox 670 1505 868 1563; x_wconf 82' lang='lat' dir='ltr'>stultitia,</span> <span class='ocrx_word' id='word_1_147' title='bbox 893 1519 967 1551; x_wconf 83' lang='lat' dir='ltr'>aut</span> <span class='ocrx_word' id='word_1_148' title='bbox 998 1505 1138 1551; x_wconf 86' lang='lat' dir='ltr'>aliena</span> <span class='ocrx_word' id='word_1_149' title='bbox 1167 1505 1361 1568; x_wconf 85' lang='lat' dir='ltr'>nequitia</span> <span class='ocrx_word' id='word_1_150' title='bbox 1383 1525 1394 1552; x_wconf 72' lang='grc' dir='ltr'>ε</span> <span class='ocrx_word' id='word_1_151' title='bbox 1419 1507 1476 1554; x_wconf 86' lang='lat' dir='ltr'>fic</span> <span class='ocrx_word' id='word_1_152' title='bbox 1492 1542 1506 1565; x_wconf 91' lang='lat'>‚</span> <span class='ocrx_word' id='word_1_153' title='bbox 1528 1524 1685 1570; x_wconf 89' lang='lat' dir='ltr'>quem-</span> 
     </span>
     <span class='ocr_line' id='line_1_20' title="bbox 397 1581 1684 1646; baseline -0.001 -15"><span class='ocrx_word' id='word_1_154' title='bbox 397 1584 640 1632; x_wconf 81' lang='lat' dir='ltr'>admodum</span> <span class='ocrx_word' id='word_1_155' title='bbox 674 1583 866 1646; x_wconf 78' lang='lat' dir='ltr'>gladius,</span> <span class='ocrx_word' id='word_1_156' title='bbox 895 1582 970 1646; x_wconf 89' lang='lat' dir='ltr'>qui</span> <span class='ocrx_word' id='word_1_157' title='bbox 991 1581 1212 1629; x_wconf 81' lang='lat' dir='ltr'>neminem</span> <span class='ocrx_word' id='word_1_158' title='bbox 1240 1583 1411 1630; x_wconf 88' lang='lat' dir='ltr'>occidit</span> <span class='ocrx_word' id='word_1_159' title='bbox 1429 1619 1443 1640; x_wconf 94' lang='lat'>‚</span> <span class='ocrx_word' id='word_1_160' title='bbox 1467 1583 1684 1631; x_wconf 88' lang='lat' dir='ltr'>occiden-</span> 
     </span>
     <span class='ocr_line' id='line_1_21' title="bbox 395 1655 1684 1719; baseline -0.002 -16"><span class='ocrx_word' id='word_1_161' title='bbox 395 1657 450 1703; x_wconf 84' lang='lat' dir='ltr'>tis</span> <span class='ocrx_word' id='word_1_162' title='bbox 470 1657 605 1704; x_wconf 87' lang='lat' dir='ltr'>telum</span> <span class='ocrx_word' id='word_1_163' title='bbox 624 1655 698 1703; x_wconf 90' lang='lat' dir='ltr'>est.</span> <span class='ocrx_word' id='word_1_164' title='bbox 734 1657 841 1701; x_wconf 89' lang='lat' dir='ltr'>Non</span> <span class='ocrx_word' id='word_1_165' title='bbox 861 1655 964 1702; x_wconf 88' lang='lat' dir='ltr'>ideo</span> <span class='ocrx_word' id='word_1_166' title='bbox 984 1655 1163 1702; x_wconf 85' lang='lat' dir='ltr'>divitiae</span> <span class='ocrx_word' id='word_1_167' title='bbox 1190 1655 1269 1701; x_wconf 88' lang='lat' dir='ltr'>tibi</span> <span class='ocrx_word' id='word_1_168' title='bbox 1289 1671 1475 1713; x_wconf 89' lang='lat' dir='ltr'>nocent,</span> <span class='ocrx_word' id='word_1_169' title='bbox 1496 1655 1526 1701; x_wconf 89' lang='lat' dir='ltr'>fi</span> <span class='ocrx_word' id='word_1_170' title='bbox 1546 1674 1684 1719; x_wconf 89' lang='lat' dir='ltr'>prop-</span> 
     </span>
     <span class='ocr_line' id='line_1_22' title="bbox 398 1726 1683 1791; baseline -0.001 -16"><span class='ocrx_word' id='word_1_171' title='bbox 398 1742 465 1777; x_wconf 85' lang='lat' dir='ltr'>ter</span> <span class='ocrx_word' id='word_1_172' title='bbox 491 1729 666 1778; x_wconf 89' lang='lat' dir='ltr'>divitias</span> <span class='ocrx_word' id='word_1_173' title='bbox 694 1729 775 1776; x_wconf 89' lang='lat' dir='ltr'>tibi</span> <span class='ocrx_word' id='word_1_174' title='bbox 798 1743 998 1775; x_wconf 85' lang='lat' dir='ltr'>nocetur.</span> <span class='ocrx_word' id='word_1_175' title='bbox 1035 1726 1293 1775; x_wconf 71' lang='lat' dir='ltr'>Posidonius</span> <span class='ocrx_word' id='word_1_176' title='bbox 1324 1726 1404 1791; x_wconf 91' lang='lat' dir='ltr'>(ut</span> <span class='ocrx_word' id='word_1_177' title='bbox 1425 1743 1510 1791; x_wconf 87' lang='lat' dir='ltr'>ego</span> <span class='ocrx_word' id='word_1_178' title='bbox 1537 1727 1683 1774; x_wconf 83' lang='lat' dir='ltr'>existi-</span> 
     </span>
     <span class='ocr_line' id='line_1_23' title="bbox 400 1802 1682 1869; baseline -0.002 -17"><span class='ocrx_word' id='word_1_179' title='bbox 400 1805 502 1869; x_wconf 86' lang='lat' dir='ltr'>mo)</span> <span class='ocrx_word' id='word_1_180' title='bbox 534 1805 686 1852; x_wconf 85' lang='lat' dir='ltr'>melius</span> <span class='ocrx_word' id='word_1_181' title='bbox 712 1823 722 1851; x_wconf 93' lang='lat'>:</span> <span class='ocrx_word' id='word_1_182' title='bbox 750 1805 824 1868; x_wconf 91' lang='lat' dir='ltr'>qui</span> <span class='ocrx_word' id='word_1_183' title='bbox 845 1803 904 1851; x_wconf 87' lang='lat' dir='ltr'>ait</span> <span class='ocrx_word' id='word_1_184' title='bbox 937 1804 1109 1851; x_wconf 87' lang='lat' dir='ltr'>divitias</span> <span class='ocrx_word' id='word_1_185' title='bbox 1135 1803 1221 1850; x_wconf 82' lang='lat' dir='ltr'>effe</span> <span class='ocrx_word' id='word_1_186' title='bbox 1240 1803 1410 1849; x_wconf 84' lang='lat' dir='ltr'>causam</span> <span class='ocrx_word' id='word_1_187' title='bbox 1435 1802 1682 1861; x_wconf 85' lang='lat' dir='ltr'>malorum,</span> 
     </span>
     <span class='ocr_line' id='line_1_24' title="bbox 399 1874 1682 1940; baseline -0.001 -17"><span class='ocrx_word' id='word_1_188' title='bbox 399 1895 492 1924; x_wconf 85' lang='lat' dir='ltr'>non</span> <span class='ocrx_word' id='word_1_189' title='bbox 518 1877 622 1940; x_wconf 86' lang='lat' dir='ltr'>quia</span> <span class='ocrx_word' id='word_1_190' title='bbox 649 1875 765 1939; x_wconf 84' lang='lat' dir='ltr'>ipsae</span> <span class='ocrx_word' id='word_1_191' title='bbox 794 1876 952 1924; x_wconf 83' lang='lat' dir='ltr'>faciant</span> <span class='ocrx_word' id='word_1_192' title='bbox 977 1876 1168 1940; x_wconf 85' lang='lat' dir='ltr'>aliquid,</span> <span class='ocrx_word' id='word_1_193' title='bbox 1192 1875 1268 1923; x_wconf 88' lang='lat' dir='ltr'>sed</span> <span class='ocrx_word' id='word_1_194' title='bbox 1292 1876 1393 1939; x_wconf 88' lang='lat' dir='ltr'>quia</span> <span class='ocrx_word' id='word_1_195' title='bbox 1423 1874 1612 1922; x_wconf 66' lang='lat' dir='ltr'>facturos</span> <span class='ocrx_word' id='word_1_196' title='bbox 1629 1878 1682 1922; x_wconf 88' lang='lat' dir='ltr'>ir-</span> 
     </span>
     <span class='ocr_line' id='line_1_25' title="bbox 398 1950 1684 2014; baseline 0 -16"><span class='ocrx_word' id='word_1_197' title='bbox 398 1952 544 1998; x_wconf 80' lang='lat' dir='ltr'>ritant.</span> <span class='ocrx_word' id='word_1_198' title='bbox 573 1950 666 1997; x_wconf 83' lang='lat' dir='ltr'>Alia</span> <span class='ocrx_word' id='word_1_199' title='bbox 705 1950 765 1996; x_wconf 86' lang='lat' dir='ltr'>est</span> <span class='ocrx_word' id='word_1_200' title='bbox 792 1952 907 1997; x_wconf 87' lang='lat' dir='ltr'>enim</span> <span class='ocrx_word' id='word_1_201' title='bbox 937 1950 1059 1998; x_wconf 87' lang='lat' dir='ltr'>causa</span> <span class='ocrx_word' id='word_1_202' title='bbox 1091 1950 1313 2007; x_wconf 85' lang='lat' dir='ltr'>efficiens,</span> <span class='ocrx_word' id='word_1_203' title='bbox 1336 1957 1449 2014; x_wconf 78' lang='lat' dir='ltr'>quae</span> <span class='ocrx_word' id='word_1_204' title='bbox 1480 1950 1684 2011; x_wconf 79' lang='lat' dir='ltr'>protinus</span> 
     </span>
     <span class='ocr_line' id='line_1_26' title="bbox 399 2023 1683 2087; baseline -0.002 -16"><span class='ocrx_word' id='word_1_205' title='bbox 399 2025 569 2072; x_wconf 79' lang='lat' dir='ltr'>necess&#39;e</span> <span class='ocrx_word' id='word_1_206' title='bbox 590 2023 650 2071; x_wconf 86' lang='lat' dir='ltr'>est</span> <span class='ocrx_word' id='word_1_207' title='bbox 669 2040 828 2072; x_wconf 81' lang='lat' dir='ltr'>noceat</span> <span class='ocrx_word' id='word_1_208' title='bbox 847 2043 857 2072; x_wconf 80' lang='lat' dir='ltr'><em>z</em></span> <span class='ocrx_word' id='word_1_209' title='bbox 880 2025 961 2071; x_wconf 89' lang='lat' dir='ltr'>alia</span> <span class='ocrx_word' id='word_1_210' title='bbox 983 2025 1256 2087; x_wconf 81' lang='lat' dir='ltr'>praecedens.</span> <span class='ocrx_word' id='word_1_211' title='bbox 1275 2024 1392 2072; x_wconf 67' lang='lat' dir='ltr'>,hanc</span> <span class='ocrx_word' id='word_1_212' title='bbox 1416 2025 1683 2085; x_wconf 84' lang='lat' dir='ltr'>praeceden-</span> 
     </span>
     <span class='ocr_line' id='line_1_27' title="bbox 398 2096 1682 2159; baseline -0.001 -16"><span class='ocrx_word' id='word_1_213' title='bbox 398 2111 488 2143; x_wconf 79' lang='lat' dir='ltr'>tem</span> <span class='ocrx_word' id='word_1_214' title='bbox 517 2099 686 2144; x_wconf 88' lang='lat' dir='ltr'>causam</span> <span class='ocrx_word' id='word_1_215' title='bbox 716 2098 897 2145; x_wconf 83' lang='lat' dir='ltr'>divitiae</span> <span class='ocrx_word' id='word_1_216' title='bbox 925 2100 1102 2145; x_wconf 86' lang='lat' dir='ltr'>habent.</span> <span class='ocrx_word' id='word_1_217' title='bbox 1131 2096 1288 2143; x_wconf 86' lang='lat' dir='ltr'>Inflant</span> <span class='ocrx_word' id='word_1_218' title='bbox 1309 2097 1502 2153; x_wconf 86' lang='lat' dir='ltr'>animos,</span> <span class='ocrx_word' id='word_1_219' title='bbox 1531 2096 1682 2159; x_wconf 86' lang='lat' dir='ltr'>super-</span> 
     </span>
     <span class='ocr_line' id='line_1_28' title="bbox 397 2172 1682 2236; baseline -0.002 -18"><span class='ocrx_word' id='word_1_220' title='bbox 397 2172 515 2219; x_wconf 85' lang='lat' dir='ltr'>biam</span> <span class='ocrx_word' id='word_1_221' title='bbox 531 2173 720 2236; x_wconf 83' lang='lat' dir='ltr'>pariunt‚</span> <span class='ocrx_word' id='word_1_222' title='bbox 740 2173 952 2219; x_wconf 83' lang='lat' dir='ltr'>invidiam</span> <span class='ocrx_word' id='word_1_223' title='bbox 972 2172 1252 2226; x_wconf 84' lang='lat' dir='ltr'>contrahunt,</span> <span class='ocrx_word' id='word_1_224' title='bbox 1269 2184 1311 2218; x_wconf 88' lang='lat' dir='ltr'>et</span> <span class='ocrx_word' id='word_1_225' title='bbox 1331 2173 1464 2234; x_wconf 84' lang='lat' dir='ltr'>usque</span> <span class='ocrx_word' id='word_1_226' title='bbox 1481 2187 1538 2217; x_wconf 92' lang='lat' dir='ltr'>eo</span> <span class='ocrx_word' id='word_1_227' title='bbox 1560 2188 1682 2217; x_wconf 76' lang='lat' dir='ltr'>men-</span> 
     </span>
     <span class='ocr_line' id='line_1_29' title="bbox 400 2244 1680 2308; baseline -0.001 -18"><span class='ocrx_word' id='word_1_228' title='bbox 400 2257 491 2290; x_wconf 88' lang='lat' dir='ltr'>tem</span> <span class='ocrx_word' id='word_1_229' title='bbox 518 2246 726 2301; x_wconf 84' lang='lat' dir='ltr'>alienant,</span> <span class='ocrx_word' id='word_1_230' title='bbox 756 2259 803 2292; x_wconf 89' lang='lat' dir='ltr'>ut</span> <span class='ocrx_word' id='word_1_231' title='bbox 826 2246 942 2292; x_wconf 81' lang='lat' dir='ltr'>fama</span> <span class='ocrx_word' id='word_1_232' title='bbox 968 2246 1178 2308; x_wconf 81' lang='lat' dir='ltr'>pecuniae</span> <span class='ocrx_word' id='word_1_233' title='bbox 1209 2261 1291 2292; x_wconf 87' lang='lat' dir='ltr'>nos</span> <span class='ocrx_word' id='word_1_234' title='bbox 1318 2245 1449 2291; x_wconf 87' lang='lat' dir='ltr'>etiam</span> <span class='ocrx_word' id='word_1_235' title='bbox 1479 2244 1680 2290; x_wconf 80' lang='lat' dir='ltr'>nocitura</span> 
     </span>
     <span class='ocr_line' id='line_1_30' title="bbox 401 2317 1683 2379; baseline -0.002 -17"><span class='ocrx_word' id='word_1_236' title='bbox 401 2317 595 2363; x_wconf 61' lang='lat' dir='ltr'>deleciet.</span> <span class='ocrx_word' id='word_1_237' title='bbox 630 2321 751 2363; x_wconf 86' lang='lat' dir='ltr'>Bona</span> <span class='ocrx_word' id='word_1_238' title='bbox 768 2331 912 2365; x_wconf 85' lang='lat' dir='ltr'>autem</span> <span class='ocrx_word' id='word_1_239' title='bbox 933 2317 1056 2365; x_wconf 86' lang='lat' dir='ltr'>omni</span> <span class='ocrx_word' id='word_1_240' title='bbox 1087 2334 1234 2364; x_wconf 86' lang='lat' dir='ltr'>carere</span> <span class='ocrx_word' id='word_1_241' title='bbox 1260 2317 1385 2379; x_wconf 73' lang='lat' dir='ltr'>culpa</span> <span class='ocrx_word' id='word_1_242' title='bbox 1407 2317 1543 2363; x_wconf 82' lang='lat' dir='ltr'>decet.</span> <span class='ocrx_word' id='word_1_243' title='bbox 1570 2332 1683 2378; x_wconf 80' lang='lat' dir='ltr'>pura</span> 
     </span>
     <span class='ocr_line' id='line_1_31' title="bbox 395 2381 1678 2451; baseline -0.001 -17"><span class='ocrx_word' id='word_1_244' title='bbox 395 2387 423 2433; x_wconf 84' lang='lat' dir='ltr'>s</span> <span class='ocrx_word' id='word_1_245' title='bbox 419 2403 510 2446; x_wconf 76' lang='lat' dir='ltr'>unt,</span> <span class='ocrx_word' id='word_1_246' title='bbox 529 2381 618 2435; x_wconf 79' lang='lat' dir='ltr'>non</span> <span class='ocrx_word' id='word_1_247' title='bbox 636 2403 927 2451; x_wconf 75' lang='lat' dir='ltr'>corrumpunt</span> <span class='ocrx_word' id='word_1_248' title='bbox 947 2391 1137 2444; x_wconf 77' lang='lat' dir='ltr'>animos,</span> <span class='ocrx_word' id='word_1_249' title='bbox 1160 2406 1250 2436; x_wconf 82' lang='lat' dir='ltr'>non</span> <span class='ocrx_word' id='word_1_250' title='bbox 1271 2389 1512 2436; x_wconf 71' lang='lat' dir='ltr'>solicitant:</span> <span class='ocrx_word' id='word_1_251' title='bbox 1533 2390 1678 2435; x_wconf 84' lang='lat' dir='ltr'>extol-</span> 
     </span>
     <span class='ocr_line' id='line_1_32' title="bbox 394 2463 1675 2528; baseline 0.001 -20"><span class='ocrx_word' id='word_1_252' title='bbox 394 2463 489 2511; x_wconf 78' lang='lat' dir='ltr'>lunt</span> <span class='ocrx_word' id='word_1_253' title='bbox 516 2464 696 2528; x_wconf 83' lang='lat' dir='ltr'>quidem</span> <span class='ocrx_word' id='word_1_254' title='bbox 717 2478 763 2514; x_wconf 87' lang='lat' dir='ltr'>et</span> <span class='ocrx_word' id='word_1_255' title='bbox 785 2465 987 2524; x_wconf 62' lang='lat' dir='ltr'>dilatant,</span> <span class='ocrx_word' id='word_1_256' title='bbox 1007 2464 1081 2513; x_wconf 87' lang='lat' dir='ltr'>sed</span> <span class='ocrx_word' id='word_1_257' title='bbox 1106 2464 1194 2512; x_wconf 81' lang='lat' dir='ltr'>fine</span> <span class='ocrx_word' id='word_1_258' title='bbox 1222 2476 1411 2514; x_wconf 78' lang='lat' dir='ltr'>tumore.</span> <span class='ocrx_word' id='word_1_259' title='bbox 1442 2464 1570 2525; x_wconf 83' lang='lat' dir='ltr'>Quae</span> <span class='ocrx_word' id='word_1_260' title='bbox 1588 2463 1675 2510; x_wconf 88' lang='lat' dir='ltr'>bo-</span> 
     </span>
    </p>
   </div>
   <div class='ocr_carea' id='block_1_3' title="bbox 1761 427 1781 2924">
    <p class='ocr_par' dir='ltr' id='par_1_3' title="bbox 1761 427 1781 2924">
     <span class='ocr_line' id='line_1_33' title="bbox 1761 427 1781 2924; baseline 0 0"><span class='ocrx_word' id='word_1_261' title='bbox 1761 427 1781 2924; x_wconf 95' lang='lat' dir='ltr'> </span> 
     </span>
    </p>
   </div>
  </div>
 </body>
</html>
