1780 2988
554 159 1128 206 EP1sToLAE.
1380 175 1467 222 391

201 266 269 314 rui
293 266 471 331 quidem
495 266 687 324 admitti,
714 281 757 313 et
784 265 866 311 iam
892 265 1003 312 inter
1019 263 1119 310 illos
1143 261 1236 309 fui:
1258 263 1475 311 animum-

200 357 285 404 que
307 341 381 387 illo
400 356 542 386 meum
564 339 682 396 misi,
697 350 739 384 et
758 339 812 384 ad
837 355 905 385 me
926 339 982 383 illi
1003 339 1122 384 suum
1150 337 1370 384 miserunt.
1392 338 1474 385 Sed

197 415 297 460 tolli
312 431 382 460 me
402 414 455 459 de
475 413 624 459 medio
640 428 771 476 puta,
793 425 834 459 et
854 412 952 475 post
978 425 1168 459 mortem
1189 410 1294 456 nihil
1315 427 1369 456 ex
1390 411 1475 456 ho-

198 488 317 534 mine
336 486 513 532 restare:
542 503 679 549 aeque
703 502 908 548 magnum
928 487 1119 531 animum
1147 486 1302 540 habeo,
1322 486 1475 529 etiam-

199 563 231 607 fi
251 563 459 625 nusquam
474 560 725 608 transiturus
749 562 930 608 excedo.
955 563 1058 608 Non
1084 573 1171 607 tam
1198 560 1345 607 multis
1364 561 1477 608 vixit

202 634 323 681 annis
341 671 353 691 ‚
373 652 502 697 quam
524 635 678 696 potuit.
697 635 749 679 Et
769 650 1007 695 paucorum
1036 633 1238 680 versuum
1269 633 1379 680 liber
1398 632 1475 690 est,

201 718 244 753 et
270 707 447 769 quidem
471 707 705 752 laudandus
721 737 736 760 ‚
759 719 887 767 atque
910 705 1025 751 utilis
1047 721 1057 748 ε
1082 704 1253 750 annales
1281 703 1476 749 Tamusii

200 779 278 827 scis
307 798 436 843 quam
463 797 553 826 non
582 780 732 826 decori
761 779 867 836 finr,
897 791 939 824 et
968 778 1075 841 quid
1110 789 1340 824 vocentur.
1370 776 1478 839 [ae-

202 869 286 914 que
313 852 372 899 est
405 852 493 899 vita
521 851 798 915 quorundam
825 850 956 912 longa
973 850 1023 912 ,]
1054 862 1097 897 et
1121 850 1246 912 quod
1283 848 1481 895 Tamufii

203 925 395 987 sequitur
414 927 599 972 annales.
630 924 861 987 Numquid
888 924 1131 969 feliciorem
1157 923 1323 969 iudicas
1347 939 1447 968 eum
1465 954 1480 978 ‚

201 997 274 1059 qui
301 998 472 1043 summo
499 997 568 1044 die
589 997 806 1052 muneris,
832 1012 963 1058 quam
983 1011 1083 1040 eum
1111 995 1186 1058 qui
1217 994 1368 1041 medio
1401 1012 1483 1042 oc-

202 1069 388 1115 ciditur?
425 1070 638 1130 numquid
667 1069 855 1130 aliquem
885 1067 969 1114 effe
998 1078 1087 1112 tam
1119 1066 1242 1113 stulte
1274 1066 1481 1129 cupidum

201 1142 317 1190 virae
348 1153 468 1204 putas
485 1174 498 1197 ‚
526 1156 571 1188 ut
597 1141 783 1204 iugulari
807 1141 850 1186 in
875 1139 1109 1204 spoliario,
1135 1157 1267 1204 quam
1288 1141 1333 1186 in
1355 1158 1484 1187 arena

200 1214 353 1260 malit?
393 1215 497 1259 Non
523 1213 691 1259 maiore
728 1213 864 1275 spatio
900 1213 1008 1260 alter
1037 1213 1222 1259 alterum
1255 1214 1485 1276 praecedi-

202 1302 311 1332 mus.
343 1302 462 1332 mors
493 1303 570 1346 per
600 1301 757 1332 omnes
782 1286 847 1331 it:
879 1286 953 1349 qui
985 1284 1177 1342 occidit,
1206 1285 1485 1348 consequitur

202 1358 409 1404 occisum.
442 1359 680 1404 Minimum
712 1358 773 1404 est
792 1394 805 1416 ‚
840 1360 893 1405 de
916 1375 1006 1422 quo
1029 1357 1306 1406 solicitiffime
1331 1360 1484 1422 agitur.

201 1430 323 1490 Quid
349 1443 491 1477 autem
520 1432 572 1477 ad
604 1448 696 1477 rem
724 1433 936 1495 pertinet,
967 1432 1178 1496 quamdiu
1197 1434 1337 1491 vites,
1361 1434 1484 1497 quod

201 1503 367 1550 evitare
392 1519 482 1549 non
512 1503 645 1564 poffis
666 1504 685 1550 ἒ

467 1637 942 1683 EPISTOLA
1020 1635 1221 1684 XCIV.

203 1761 450 1826 Diffirtatio
463 1799 475 1819 ,
508 1780 643 1810 utrum
679 1767 942 1828 Dogmatica
957 1801 971 1823 ‚
1003 1785 1060 1811 an
1087 1768 1356 1813 I’araenecica
1381 1786 1482 1827 pars

258 1838 543 1897 philosophiae
562 1840 735 1883 utilior?
754 1837 795 1885 G·
815 1858 872 1884 an
893 1843 1019 1884 altera
1021 1839 1116 1902 sine
1131 1844 1259 1884 altera
1264 1841 1483 1903 fiefficiac?

268 1909 410 1973 Aristo
432 1912 605 1969 priorem
625 1912 808 1971 praefert
824 1946 838 1968 ‚
860 1909 902 1957 δ’
918 1913 1059 1971 solam
1090 1913 1275 1957 admittit
1293 1930 1308 1957 :
1327 1915 1487 1974 eiusiyue

266 1982 331 2026 lzic
349 1998 589 2042 argumenta
611 2001 625 2028 .·
646 1985 722 2028 alii
748 1981 790 2029 δ’
817 1987 986 2028 alteram
1017 1986 1274 2046 adiungunt„
1301 2003 1349 2031 ac
1368 2005 1487 2048 mag-

268 2071 344 2099 nos
364 2056 452 2099 eius
479 2056 574 2113 ufics
593 2056 806 2121 ostendunt
822 2074 838 2102 .·
856 2054 898 2103 ἃ
921 2061 955 2102 S
956 2076 1073 2102 eneca
1092 2060 1247 2104 diducit
1265 2063 1484 2122 eleganter,

267 2143 406 2189 argute
423 2162 436 2185 ‚
447 2127 668 2190 ftuffuofi.
695 2132 794 2193 Lege
812 2165 827 2189 ,
858 2128 899 2176 ὃ·
924 2131 1126 2181 obleflare.

204 2234 410 2348 EAM
456 2310 622 2361 partem
663 2300 1001 2365 philosophiae,
1045 2320 1156 2367 quae
1199 2305 1271 2352 dat
1304 2305 1489 2368 propria

201 2372 361 2434 cuique
388 2373 597 2434 personae
623 2389 875 2438 praecepta,
905 2393 985 2423 nec
1010 2377 1055 2422 in
1080 2378 1327 2424 universum
1359 2396 1485 2425 com-

206 2445 335 2508 ponit
351 2444 579 2495 hominem
591 2482 605 2509 ,
630 2447 703 2497 sed
722 2448 884 2499 marito
904 2449 1074 2511 suadet,
1093 2451 1325 2511 quomodo
1345 2451 1386 2500 se
1407 2467 1483 2516 ge-

1092 2522 1164 2572 Bb
1197 2541 1228 2583 4
