1780 2988
545 185 1121 233 EPISTOLAE.
1379 202 1470 250 425

198 289 344 338 nostra
365 289 561 354 lapidum
590 291 871 340 fornicationi
899 292 1113 339 simillima
1141 291 1201 338 est
1225 309 1236 340 :
1267 309 1381 356 quae
1407 311 1480 340 ca-

198 365 314 424 sura,
331 364 407 412 nisi
426 365 620 412 invicem
638 365 879 424 obstarent,
899 366 984 413 hoc
1001 364 1094 428 ipso
1115 364 1356 412 sustinetur.
1377 367 1477 413 Post

197 439 307 485 deos
339 439 625 502 hominesque
656 440 958 502 dispiciamus,
994 439 1229 501 quomodo
1266 439 1395 485 rebus
1428 440 1479 486 sit

198 511 424 558 utendum.
446 515 494 558 In
514 512 829 575 supervacuum
850 526 1080 574 praecepta
1098 511 1378 567 iadiavhnus,
1401 513 1479 557 nisi

196 584 302 631 illud
322 586 598 647 praecesserit
618 622 630 643 ,
657 587 827 649 qualem
857 586 911 631 de
934 601 1108 647 quaque
1138 602 1184 630 re
1213 586 1369 630 habere
1399 585 1479 630 de-

196 656 375 704 beamus
401 659 657 721 opinionem
676 694 688 714 ,
722 657 775 703 de
806 668 1080 718 paupertate,
1114 658 1166 702 de
1195 657 1359 701 divitiis
1379 689 1392 710 ‚
1425 658 1479 702 de

195 730 360 793 gloria,
397 732 452 777 de
483 731 752 794 ignominia,
781 730 834 776 de
865 729 1025 791 patria,
1057 729 1110 774 de
1143 729 1310 774 exsilio.
1341 730 1480 775 Aesti-

194 821 365 852 memus
397 805 584 868 singula,
623 803 736 851 fama
772 818 941 851 remota
971 820 981 846 ε
1013 816 1055 848 et
1089 820 1345 866 quaeramus
1374 805 1479 866 quid
1520 845 1522 847 .

194 878 304 937 smt,
339 897 431 926 non
473 881 579 936 quid
610 894 840 926 vocentur.
870 879 942 925 Ad
975 878 1160 923 virtutes
1198 877 1480 924 transeamus.

193 951 433 1014 praecipiet
451 951 605 1015 aliquis
619 984 632 1006 ,
653 968 700 997 ut
720 950 994 1014 prudentiam
1016 950 1159 1012 magni
1181 949 1481 1007 aestimemus,

193 1036 242 1068 ut
268 1021 570 1069 fortitudinem
600 1022 973 1084 compleciamur:
1007 1024 1337 1084 temperantiam
1359 1040 1481 1069 ame-

195 1112 318 1142 mus:
338 1095 570 1154 iustitiam,
604 1095 633 1140 fi
664 1094 760 1141 fieri
788 1093 957 1157 potest,
988 1093 1172 1156 propius
1198 1095 1324 1141 etiam
1347 1113 1480 1158 quam

193 1182 382 1226 ceteras,
406 1169 536 1215 nobis
555 1169 838 1232 applicemus.
863 1168 943 1214 Sed
967 1167 1072 1213 nihil
1092 1179 1268 1230 agetur,
1294 1168 1324 1213 fi
1350 1162 1480 1232 igno-

191 1255 361 1298 ramus,
383 1240 488 1302 quid
508 1241 557 1286 sit
586 1242 724 1287 virtus
744 1258 754 1286 :
782 1256 865 1286 una
882 1239 932 1286 fit
948 1275 961 1297 ‚
982 1256 1034 1284 an
1053 1241 1200 1302 plures
1220 1256 1230 1285 z
1261 1239 1479 1303 separatae

192 1327 245 1357 an
265 1327 456 1358 annexae
480 1330 490 1358 :
515 1329 567 1358 an
590 1312 666 1374 qui
690 1329 822 1358 unam
845 1311 999 1368 habet,
1028 1324 1071 1357 et
1094 1327 1262 1359 ceteras
1293 1312 1478 1358 habeat:

191 1388 429 1447 quomodo
461 1388 576 1434 inter
607 1387 648 1434 se
675 1386 893 1433 differant.
927 1387 1034 1432 Non
1069 1384 1131 1432 est
1160 1386 1329 1432 necesse
1349 1384 1479 1433 fabro

191 1459 245 1504 de
274 1457 437 1505 fabrica
471 1475 703 1522 quaerere,
731 1458 856 1520 quod
886 1457 980 1504 eius
1013 1457 1215 1512 initium,
1246 1458 1344 1521 quis
1377 1458 1479 1505 usus

188 1532 268 1578 fit:
295 1549 386 1578 non
415 1534 552 1596 magis
579 1550 711 1596 quam
741 1532 1019 1593 pantomimo
1039 1567 1052 1588 ,
1087 1532 1139 1577 de
1169 1546 1261 1579 arte
1284 1533 1476 1579 saltandi.

190 1606 358 1651 Omnes
387 1604 490 1652 istae
518 1618 628 1651 artes
654 1604 696 1650 se
727 1603 894 1654 sciunt:
925 1602 1030 1648 nihil
1061 1603 1191 1650 deest,
1220 1607 1328 1651 Non
1357 1606 1477 1652 enim

188 1676 241 1724 ad
260 1688 396 1722 totam
418 1677 637 1737 pertinent
659 1676 794 1721 vitam
817 1693 826 1720 ε
859 1675 998 1721 virtus
1018 1688 1062 1721 et
1088 1675 1275 1721 aliorum
1301 1676 1477 1723 scientia

132 1800 136 1803 ,
187 1750 277 1808 est,
307 1763 350 1796 et
370 1749 445 1796 sui.
473 1749 725 1796 discendum
746 1750 800 1796 de
835 1749 923 1811 ipsa
953 1750 1039 1804 est,
1073 1764 1121 1797 ut
1150 1751 1241 1813 ipsa
1268 1752 1475 1800 voluntas

187 1822 398 1869 discatur:
432 1822 546 1869 aftio
572 1824 683 1869 reita
716 1838 807 1868 non
837 1824 945 1891 erit,
976 1823 1055 1869 nist
1082 1824 1197 1871 reim
1227 1824 1357 1872 fuerit
1382 1843 1473 1874 vo·-

185 1896 336 1943 Iuntas.
364 1895 418 1941 ab
439 1896 519 1942 hac
545 1896 662 1942 enim
692 1894 753 1942 est
773 1896 899 1943 actio.
930 1897 1122 1953 Rursus,
1155 1899 1360 1946 voluntas
1379 1917 1473 1947 non

185 1968 268 2013 erit
280 1968 415 2026 resta,
430 1967 507 2014 nifi
525 1969 695 2016 habitus
710 1970 846 2015 animi
861 1970 1002 2016 redas
1018 1969 1170 2017 fuerit:
1185 1972 1238 2017 ab
1251 1972 1339 2019 hoc
1353 1973 1471 2020 enim

184 2040 245 2086 est
260 2042 472 2088 voluntas.
493 2042 677 2088 Habitus
698 2059 834 2103 porro
849 2042 983 2088 animi
999 2059 1089 2088 non
1106 2043 1186 2090 erit
1206 2043 1249 2090 in
1271 2046 1469 2107 optimo,

183 2113 260 2161 nisi
289 2113 424 2160 totius
451 2114 567 2161 vitae
587 2115 704 2177 leges
724 2117 994 2178 perceperit,
1021 2131 1063 2164 et
1082 2119 1188 2181 quid
1216 2121 1270 2166 de
1285 2135 1470 2184 quoque

182 2189 466 2236 iudicandum
485 2189 534 2236 sit
547 2227 559 2248 ,
574 2193 793 2253 exegerit,
814 2193 891 2239 nis1
910 2211 977 2241 res
993 2195 1048 2240 ad
1068 2211 1220 2241 verum
1239 2197 1471 2260 redegerit.

182 2263 288 2308 Non
310 2263 526 2326 contingit
546 2265 857 2327 tranquillitas,
888 2267 963 2312 nisi
983 2267 1254 2315 immutabile
1271 2285 1468 2317 certum-

183 2351 269 2397 que
294 2334 503 2382 iudicium
525 2337 714 2398 adeptis:
738 2340 868 2385 ceteri
889 2339 1098 2387 decidunt
1114 2341 1317 2399 subinde,
1335 2355 1379 2389 et
1396 2362 1466 2391 re-

181 2423 438 2471 ponuntur,
465 2424 508 2457 et
524 2412 636 2457 inter
662 2412 817 2458 omissa
842 2415 1124 2479 appetitaque
1147 2416 1323 2464 alternis
1349 2417 1464 2465 fluc-

182 2493 375 2536 tuantur,
394 2484 530 2531 Causa
550 2484 676 2532 huius
695 2482 935 2534 iafiiationis
953 2486 1015 2539 est
1027 2523 1042 2547 ‚
1058 2489 1182 2553 quod
1200 2489 1306 2539 nihil
1324 2490 1464 2556 liquet
