1807 3004
299 192 386 250 136
551 190 598 233 L.
648 188 941 233 ANNAEI
987 183 1341 232 SENECAE

291 297 356 343 ius
380 295 441 341 rei
468 294 664 358 periculo
686 294 782 340 illos
803 291 1010 338 fortunae
1039 292 1135 338 suae
1158 290 1414 354 magnitudo
1443 291 1569 339 tutis⁴

292 370 422 416 simos
453 367 648 431 praestat.
686 368 782 412 Nec
812 366 899 412 hoc
930 366 1153 428 ignorant.
1190 365 1258 411 sed
1291 364 1567 411 occasionem

292 439 485 487 nocendi
513 450 714 500 captant,
747 437 1014 499 quaerendo·
1047 448 1311 497 acceperunt
1343 435 1567 492 iniuriam,

292 529 342 559 ut
370 512 575 559 facerent.
610 510 789 557 Diutius
820 522 863 556 te
893 510 1054 555 morari
1086 510 1206 555 nolo.
1241 525 1331 560 non
1364 508 1424 555 est
1450 510 1568 555 enim

291 587 372 633 tibi
391 585 692 632 exhortatione
709 601 835 646 opus.
862 585 963 630 Hoc
982 582 1143 630 habent
1162 583 1275 631 inter
1295 599 1438 629 cetera
1460 583 1568 629 boni

292 673 440 705 mores
459 689 474 713 ‚
502 658 673 718 placent
689 657 764 703 fibi
780 692 793 714 ,
811 670 855 704 et
877 666 1146 720 permanent.
1163 656 1273 702 Ievis
1291 657 1350 703 est
1376 655 1535 703 malitia
1558 692 1571 713 ‚

293 730 418 794 saepe
438 742 628 778 mutatur
647 748 658 777 :
682 727 838 776 nonin
855 729 1010 776 melius
1025 763 1040 787 ,
1062 728 1194 775 sedin
1212 728 1345 774 aliud.
1444 734 1447 735 ’

528 862 1005 908 EP1sToLA
1084 861 1338 929 XLVm.

294 988 465 1038 sAmz'cz‘s
494 991 627 1036 eadem
653 990 866 1049 expedire,
903 984 946 1033 G*
974 991 1146 1032 alteram
1180 989 1295 1032 alteri
1323 989 1459 1033 utilem
1490 986 1572 1050 effi.

364 1067 471 1110 Tum
486 1079 629 1109 contra
642 1064 930 1122 captiunculas
945 1096 959 1118 ,
980 1059 1023 1107 δι’
1032 1061 1224 1124 spinosas
1245 1063 1434 1122 ineptias.
1455 1061 1575 1122 Quia!

352 1138 545 1198 facitis?
575 1138 676 1196 quid
700 1136 879 1181 luditis?
909 1137 956 1179 de
988 1136 1075 1179 vita
1102 1135 1243 1194 agitur
1259 1150 1275 1176 :
1293 1133 1507 1193 spectare,
1529 1131 1571 1179 ό)

350 1210 510 1269 forma.
528 1209 599 1253 De
607 1207 789 1267 fortuna
804 1224 819 1251 „⁰
838 1221 981 1252 contra
1000 1223 1090 1251 eam
1107 1206 1162 1251 da
1180 1223 1316 1252 arma.

299 1316 470 1434 AD
499 1379 724 1443 epistolam
751 1394 880 1443 quam
906 1376 1015 1426 mihi
1041 1394 1095 1426 ex
1121 1376 1274 1426 itinere
1296 1377 1465 1439 misisti,
1486 1392 1576 1426 tam

296 1457 474 1518 longam
489 1489 504 1512 ‚
528 1469 659 1517 quam
679 1452 821 1515 ipsum
839 1451 921 1500 iter
937 1451 1043 1509 fuit,
1061 1451 1208 1514 postea
1227 1452 1473 1501 rescribam.
1500 1458 1578 1501 Se·-

298 1529 459 1576 ducere
482 1543 552 1574 me
572 1526 718 1573 debeo
732 1562 748 1584 ,
776 1537 817 1572 et
836 1525 943 1589 quid
967 1524 1170 1572 suadeam
1185 1561 1200 1584 ,
1231 1524 1578 1588 circumspicere.

298 1604 415 1650 Nam
436 1612 482 1647 tu
510 1615 691 1664 quoque
716 1599 792 1662 qui
811 1598 1020 1655 consulis,
1045 1598 1120 1645 diu
1140 1615 1194 1646 an
1215 1600 1466 1647 consuleres
1494 1617 1577 1647 co-

298 1673 438 1739 gitasti
458 1690 469 1719 ε
491 1684 655 1737 quanto
676 1671 811 1736 magis
837 1672 926 1719 hoc
954 1671 1063 1719 mihi
1087 1671 1336 1720 faciendum
1365 1673 1452 1730 est,
1474 1690 1577 1721 cum

299 1745 501 1809 longiore
520 1760 645 1791 mora
662 1760 777 1806 opus
791 1744 864 1802 fit,
883 1761 930 1791 ut
948 1744 1089 1793 solvas
1104 1745 1402 1808 quaestionem
1413 1782 1426 1804 ‚
1443 1762 1578 1810 quam

297 1831 347 1865 ut
377 1817 628 1880 proponas?
657 1816 822 1881 Utique
845 1835 945 1866 cum
963 1817 1080 1865 aliud
1104 1819 1185 1866 tibi
1206 1819 1431 1880 expediat,
1460 1819 1578 1867 aliud

298 1892 442 1941 mihi:
469 1891 627 1938 iterum
657 1907 745 1955 ego
774 1901 978 1955 tanquam
1010 1891 1228 1954 Epicurus
1258 1892 1435 1955 loquor.
1467 1892 1579 1942 Mihi

298 1982 413 2013 vero
430 1964 546 2012 idem
565 1965 772 2028 expedit,
801 1965 924 2028 quod
941 1965 1047 2013 tibi:
1071 1977 1258 2014 autnon
1277 1965 1368 2013 sum
1389 1966 1580 2025 amicus,

298 2038 375 2085 nisi
394 2037 611 2100 quidquid
629 2039 772 2102 agitur
788 2040 842 2086 ad
861 2052 904 2086 te
923 2040 1170 2102 pertinens,
1187 2057 1337 2087 meum
1358 2040 1432 2087 est.
1448 2041 1579 2087 Con-

299 2110 482 2159 sortium
506 2110 660 2158 rerum'
677 2112 882 2160 omnium
900 2111 1016 2160 inter
1033 2128 1115 2160 nos
1133 2112 1236 2160 facit
1260 2113 1478 2160 amicitia:
1499 2129 1580 2161 nec

300 2184 476 2233 secundi
502 2185 741 2249 quidquam
766 2184 940 2250 singulis
958 2183 1045 2241 est,
1065 2201 1148 2232 nec
1173 2185 1356 2232 adversi.
1380 2186 1426 2232 in
1453 2201 1580 2232 com·

300 2275 434 2306 mune
461 2259 649 2307 vivitur.
678 2262 775 2308 Nec
801 2259 946 2323 potest
973 2255 1201 2323 quisquam
1231 2260 1356 2307 beate
1385 2259 1542 2322 degere
1560 2291 1578 2314 ‚

300 2332 378 2394 qui
396 2331 437 2378 se
461 2343 633 2379 tantum
653 2332 875 2389 intuetur,
902 2332 979 2396 qui
1006 2331 1156 2378 omnia
1182 2330 1238 2378 ad
1261 2331 1465 2379 utilitates
1482 2331 1579 2379 suas

249 2405 263 2417 ““
301 2405 525 2450 convertit
555 2422 568 2451 ε
601 2405 723 2451 alteri
751 2405 879 2452 vivas
907 2415 1116 2468 oportet,
1142 2402 1174 2449 fi
1206 2402 1274 2451 vis
1298 2402 1378 2450 tibi
1407 2402 1579 2452 vivere,

301 2474 422 2521 Haec
453 2474 636 2524 societas
670 2477 903 2542 diligenter
933 2489 977 2526 et
1011 2477 1150 2526 santile
1183 2476 1455 2527 observanda
1486 2476 1579 2535 esta
