1807 3004
483 213 1059 262 EP15TOLAE.
1316 227 1407 276 237

137 321 313 369 humani
343 320 438 369 aevi
473 322 684 368 terminos
710 322 802 367 vita
838 320 1125 383 protenditur.
1160 321 1265 366 Non
1295 325 1410 370 mul⁶

137 410 228 442 tum
251 394 412 449 refert,
443 408 585 441 utrum
610 393 786 440 omittas
817 393 1162 455 philosophiam,
1187 410 1240 438 an
1272 393 1409 442 inter-³

137 469 294 514 mittas.
323 484 413 513 non
439 468 556 512 enim
580 466 655 512 ubi
685 466 919 525 interrupta
940 465 1000 511 est
1033 478 1212 522 manet,
1239 466 1312 513 sed
1331 485 1410 515 eo-

136 557 235 586 rum
263 557 412 597 more,
446 558 556 604 quae
584 541 747 586 intenta
786 538 1012 595 dissiliunt,
1044 539 1178 602 usque
1203 539 1257 585 ad
1290 540 1410 589 initia

138 614 210 660 sua
244 614 453 671 recurrit,
487 614 608 678 quod
636 629 659 658 a
691 611 1024 659 continuatione
1057 610 1254 658 discessit.
1291 613 1412 660 Refi-

139 687 334 733 stendum
364 686 431 733 ‘est
462 685 860 749 occupationibus:
889 700 968 731 nec
1000 684 1310 746 explicandae,
1341 687 1414 734 sed

140 758 467 805 submovendae
501 759 609 805 suntt
645 770 815 820 tempus
842 757 1018 821 quidem
1048 758 1216 804 nullum
1245 758 1308 806 est
1333 777 1414 824 pa-

137 849 236 878 rum
264 834 473 879 idoneum
504 832 647 879 studio
678 831 861 878 salutari.
903 830 1034 894 Atqui
1060 831 1186 877 multi
1211 831 1323 879 inter
1345 834 1416 880 illa

139 919 231 949 non
265 904 453 959 student,
487 918 668 967 propter
695 919 804 967 quae
835 902 1105 948 studendum.
1137 902 1305 951 Incidet
1339 905 1417 950 ali-—

140 977 248 1039 quid
275 978 397 1040 quod
425 976 660 1038 impediat?
686 992 774 1021 non
801 975 1002 1038 equidem
1024 990 1150 1029 eum,
1180 976 1300 1022 cuius
1320 977 1416 1023 ani-

140 1067 236 1096 mus
254 1050 296 1096 in
319 1050 442 1096 omni
474 1048 653 1112 negotio
672 1049 806 1114 laetus
831 1063 962 1111 atque
982 1047 1119 1094 alacer
1145 1047 1218 1094 est.
1248 1050 1416 1112 Imper-

141 1121 263 1169 settis
281 1123 421 1168 adhuc
440 1120 757 1168 interscinditur
775 1120 932 1166 laetitia
952 1137 964 1165 ε
985 1119 1164 1181 sapienti
1186 1138 1296 1169 vero
1317 1140 1418 1171 com

142 1195 302 1240 texitur
324 1191 556 1257 gaudium,
597 1193 711 1239 nulla
743 1193 960 1255 rumpitur
989 1192 1142 1250 causa,
1176 1194 1290 1240 nulla
1320 1195 1418 1243 for-

142 1280 274 1313 tuna:
304 1267 474 1329 semper
499 1278 541 1312 et
565 1266 728 1327 ubique
757 1266 1037 1329 tranquillum
1068 1265 1139 1311 est.
1170 1267 1275 1313 Non
1299 1269 1432 1318 enim.

143 1356 196 1385 ex
219 1339 362 1385 alieno
393 1339 577 1402 pendet,
604 1355 682 1385 nec
704 1337 902 1385 favorem
932 1337 1157 1396 fortunae,
1177 1354 1247 1386 aut
1276 1342 1422 1390 homi-

144 1412 210 1458 nis
229 1413 442 1475 exspectat
468 1430 479 1457 t
512 1411 747 1458 domestica
779 1411 837 1456 illi
874 1410 1053 1457 felicitas
1085 1412 1159 1458 est.
1190 1413 1328 1461 exiret
1364 1434 1419 1463 ex

146 1485 322 1539 animo,
349 1484 378 1529 fi
399 1485 592 1530 intraret.
622 1484 680 1529 ibi
703 1483 903 1529 nascitur.
934 1483 1187 1547 Aliquando
1213 1487 1421 1534 extrinse-

145 1575 250 1613 cus,
274 1574 365 1621 quo
404 1558 691 1603 admoneatur
719 1554 992 1601 mortalitatis
1010 1591 1022 1613 ‚
1051 1556 1317 1605 intervenit:
1351 1559 1422 1607 sed

145 1631 188 1678 id
216 1632 336 1689 leve,
367 1642 409 1677 et
435 1631 561 1693 quod
586 1630 794 1676 summam
821 1639 963 1675 cutem
995 1627 1186 1692 stringat.
1228 1631 1389 1694 Aliquo
1409 1665 1424 1691 ,

145 1704 322 1768 inquam
341 1740 354 1763 ‚
388 1703 680 1751 incommodo
706 1703 873 1748 afflatur
901 1720 912 1745 t
947 1702 1187 1750 maximum
1209 1705 1300 1752 eius
1322 1707 1426 1755 illud

146 1777 314 1822 bonum
331 1812 343 1833 ,
371 1775 432 1822 est
454 1775 604 1822 fixum.
636 1778 694 1820 lta
725 1775 849 1831 diem
873 1774 1137 1836 extrinsecus
1161 1776 1305 1839 aliqua
1330 1779 1424 1825 sunt

144 1849 429 1895 incommoda
445 1884 457 1907 ‚
487 1850 607 1894 velut
627 1848 671 1893 in
691 1863 882 1909 corpore
909 1847 1129 1894 interdum
1153 1850 1333 1898 robusto
1351 1852 1423 1898 so·-

146 1921 350 1984 lidoque‚
371 1920 624 1982 eruptiones
652 1915 861 1982 quaedam
892 1918 1154 1980 pustularum
1172 1957 1185 1979 ‚
1215 1934 1258 1968 et
1285 1923 1426 1970 ulcus-⁶

151 1994 243 2040 cula
268 2011 277 2038 ε
304 1993 465 2039 nullum
488 1993 531 2038 in
557 1994 649 2038 alto
682 1992 843 2037 malum
875 1991 949 2037 est,
987 1993 1106 2050 Hoc,
1129 1993 1305 2058 inquam
1325 2033 1338 2054 ‚
1359 1997 1424 2043 in-

109 2100 112 2105 «
150 2065 279 2112 terest
309 2066 420 2111 inter
443 2066 765 2112 consummatae
791 2063 1017 2126 sapientiae
1037 2064 1206 2123 virum,
1225 2080 1267 2112 et
1295 2068 1425 2129 alium

152 2137 452 2203 procedentis,
481 2139 604 2200 quod
629 2138 741 2183 inter
769 2137 943 2194 sanum,
976 2151 1019 2182 et
1047 2152 1100 2182 ex
1132 2140 1294 2185 morbo
1326 2159 1426 2204 gra-

153 2212 200 2258 vi
230 2229 279 2258 ac
311 2211 482 2257 diutino
511 2222 835 2274 emergentem:
867 2210 937 2256 cui
973 2208 1160 2257 sanitatis
1190 2213 1295 2259 Ioco
1328 2214 1390 2261 est
1408 2246 1424 2270 ‚

153 2285 299 2332 levior
334 2282 530 2330 accessio.
561 2282 672 2338 Hic,
702 2282 779 2328 nisi
807 2282 988 2328 attendit
1007 2315 1021 2340 .,
1056 2283 1236 2331 subinde
1266 2303 1425 2348 grava-

155 2371 241 2414 tur,
258 2369 300 2403 et
318 2356 360 2402 in
372 2356 519 2401 eadem
540 2355 802 2401 revolvitur.
822 2355 1000 2416 Sapiens
1016 2356 1210 2402 recidere
1230 2374 1321 2403 non
1342 2376 1425 2421 po-

154 2431 263 2488 test,
287 2447 341 2476 ne
364 2429 556 2476 incidere
583 2429 764 2492 quidem
791 2428 990 2490 amplius.
1024 2428 1219 2490 Corpori
1236 2431 1353 2477 enirn
1370 2432 1425 2478 ad

157 2514 326 2567 tempus
361 2502 478 2550 bona
506 2501 711 2550 valetudo
737 2500 828 2548 esta
856 2517 988 2564 quam
1019 2502 1214 2550 medicus
1236 2505 1366 2551 etiam
1393 2504 1426 2551 fi
