1807 3004
237 202 295 251 54
494 185 1296 233 L.ANNAEISENECAE

233 293 472 357 luptatibus
501 293 619 340 solus
646 292 874 350 abstineat,
902 309 1002 340 cum
1029 293 1075 338 in
1101 293 1193 340 illas
1219 292 1366 340 omnis
1393 292 1521 340 turba

235 367 489 431 procubuit.
504 366 804 414 Certiffimum
825 377 1128 428 argumentum
1144 365 1406 413 infirmitatis
1420 365 1520 414 suae

233 440 371 503 capit,
392 440 423 486 fi
448 440 501 485 ad
533 439 690 485 blanda
715 451 758 486 et
789 437 834 483 in
858 436 1076 483 luxuriam
1101 437 1317 485 trahentia
1346 454 1428 487 nec
1457 438 1522 496 it,

233 531 316 562 nec
343 512 586 560 abducitur.
622 512 723 558 Hoc
753 510 894 556 multo
914 509 1073 556 fortius
1097 509 1185 568 est,
1211 511 1335 558 ebrio
1362 529 1412 559 ac
1434 527 1523 560 vo-

233 587 416 634 mitante
437 585 609 648 populo
625 619 637 639 ‚
666 584 828 632 siccum
846 600 897 630 ac
923 582 1116 629 sobrium
1140 582 1250 629 effe:
1270 584 1376 630 illud
1405 598 1522 630 tem-

235 659 449 723 peratius,
484 673 577 703 non
607 672 846 718 excerpere
877 654 946 711 se,
977 671 1057 701 nec
1085 653 1298 716 insigniri,
1324 671 1404 701 nec
1425 655 1523 702 mis-
1553 674 1559 681 ‘

233 732 323 780 ceri
353 731 563 778 omnibus
593 748 604 775 t
631 744 674 776 et
709 730 862 776 eadem
882 765 895 786 ‚
930 728 1001 775 sed
1037 744 1127 774 non
1159 729 1318 774 eodem
1355 728 1524 789 modo,

233 803 394 853 facere.
430 803 554 849 Licet
579 802 697 849 enim
732 801 820 847 sine
849 801 1022 847 luxuria
1052 817 1178 863 agere
1207 800 1360 847 festum
1390 802 1524 849 diem.

235 877 444 924 Ceterum
472 877 585 923 adeo
610 874 717 924 milii
744 874 887 937 placet
907 886 1070 921 tentare
1094 874 1231 920 animi
1257 876 1322 920 tui
1351 873 1523 921 firmita-

234 962 325 998 tem
343 987 356 1010 ,
373 962 422 998 ut
447 967 500 997 ex
522 963 761 1013 praecepto
789 966 1051 1012 magnorum
1079 949 1282 995 virorum
1301 949 1380 996 tibi
1407 965 1524 1012 quo-

236 1040 322 1087 que
342 1024 631 1086 praecipiam:
655 1024 908 1084 interponas
927 1023 1093 1087 aliquot
1113 1021 1220 1080 dies,
1241 1023 1400 1085 quibus
1427 1039 1528 1069 con÷

234 1109 381 1144 tentus
415 1097 604 1142 minimo
634 1113 684 1142 ac
711 1096 917 1143 viliffimo
949 1097 1079 1152 cibo,
1121 1098 1230 1143 dura
1262 1111 1390 1159 atque
1413 1097 1522 1142 hor-

236 1169 335 1215 rida
369 1169 517 1227 veste,
560 1169 680 1217 dicas
706 1170 784 1216 tibi
812 1187 823 1214 ε
863 1170 964 1215 Hoc
1000 1170 1061 1216 est
1089 1170 1211 1231 quod
1249 1169 1527 1216 timebatur?

239 1242 288 1286 In
318 1239 409 1302 ipsa
436 1240 665 1288 securitate
697 1243 866 1287 animus
895 1242 950 1287 ad
980 1242 1171 1293 difficilia
1197 1242 1240 1287 se
1268 1256 1524 1303 praeparet,

241 1324 284 1358 et
305 1326 460 1358 contra
484 1312 669 1360 iniurias
692 1313 893 1360 fortunae
908 1350 921 1372 ‚
948 1314 1061 1361 inter
1079 1313 1291 1360 beneficia
1312 1313 1524 1361 firmetur.

208 1428 211 1429 ⁷
240 1385 371 1432 Miles
397 1385 442 1430 in
475 1386 623 1432 media
649 1402 756 1448 pace
780 1387 971 1435 decurrit
999 1387 1087 1434 sine
1119 1387 1211 1434 ullo
1239 1385 1364 1433 hoste
1383 1421 1396 1444 ‚
1428 1386 1526 1433 val-

240 1459 330 1505 lum
351 1459 480 1517 iacit,
510 1473 555 1506 et
579 1459 851 1521 supervacuo
882 1460 1030 1508 labore
1059 1460 1258 1518 lassatur,
1287 1475 1335 1506 ut
1357 1459 1527 1507 suffice-

239 1548 288 1579 re
312 1530 550 1581 necess'ario
582 1531 726 1594 posfit.
766 1535 916 1593 Quem
944 1534 989 1579 in
1016 1533 1106 1597 ipsa
1135 1550 1183 1580 re
1208 1532 1427 1595 trepidare
1445 1549 1529 1580 no-

241 1604 398 1663 lucris,
426 1617 525 1653 ante
554 1623 648 1653 rem
676 1598 848 1654 exerce.
878 1607 980 1653 Hoc
1009 1606 1143 1653 secuti
1175 1607 1298 1663 sunt,
1324 1607 1399 1671 qui
1427 1623 1530 1654 om-

243 1679 375 1726 nibus
400 1678 617 1727 mensibus
646 1692 948 1742 paupertatem
972 1679 1155 1737 imitati,
1178 1696 1321 1743 prope
1346 1681 1400 1727 ad
1427 1681 1530 1727 ino-

242 1753 361 1816 piam
387 1753 682 1811 accefl'erunt‚
713 1768 768 1798 ne
793 1768 988 1814 unquam
1015 1751 1385 1815 expavescerent,
1405 1753 1529 1817 quod

243 1827 368 1889 saepe
398 1824 659 1874 didicissent.
689 1825 798 1870 Non
828 1824 888 1870 est
917 1841 1033 1871 nunc
1064 1825 1185 1888 quod
1210 1824 1429 1872 existimes
1457 1841 1531 1872 me

244 1900 405 1948 ducere
424 1910 466 1946 te
487 1900 540 1947 ad
571 1898 767 1945 modicas
793 1913 956 1946 coenas
975 1910 1019 1944 et
1045 1914 1287 1960 pauperum
1311 1897 1467 1954 cellas5
1485 1912 1531 1946 et

243 1971 464 2036 quidquid
491 1971 610 2019 aliud
633 1969 722 2028 est,
740 1987 818 2033 per
835 1971 959 2033 quod
983 1970 1154 2018 luxuria
1173 1969 1429 2021 divitiarum
1450 1986 1534 2019 tae·-

244 2047 325 2094 dio
352 2046 472 2093 ludit.
512 2045 731 2093 Grabatus
756 2044 828 2091 ille
856 2060 988 2091 verus
1011 2043 1092 2102 fit,
1112 2059 1157 2091 et
1181 2044 1359 2107 sagum,
1384 2057 1428 2092 et
1454 2061 1532 2108 pa-

245 2118 315 2166 nis
342 2117 478 2165 durus
503 2134 554 2165 ac
585 2117 801 2164 sordidus.
836 2117 937 2164 Hoc
960 2116 1108 2164 triduo
1128 2133 1173 2165 et
1191 2115 1429 2180 quatriduo
1451 2115 1535 2174 fer,

246 2190 473 2238 interdum
493 2190 695 2254 pluribus
719 2189 902 2236 diebus:
922 2200 971 2236 ut
991 2206 1085 2236 non
1109 2189 1224 2237 lusus
1251 2188 1327 2244 fit,
1357 2188 1429 2235 sed
1452 2205 1535 2236 ex-

246 2263 560 2327 perimentum.
590 2265 722 2310 Tunc
748 2261 859 2309 mihi
884 2261 1013 2310 crede
1026 2297 1043 2319 ,
1075 2261 1240 2320 Lucili,
1269 2259 1500 2308 exsultabis
1518 2294 1535 2319 ‚

247 2338 484 2400 dupondio
511 2338 654 2396 satur,
678 2349 722 2385 et
744 2335 961 2399 intelliges
987 2335 1043 2383 ad
1071 2333 1338 2383 saturitatem
1363 2349 1457 2379 non
1481 2348 1536 2379 0-

249 2425 331 2474 pus
357 2409 443 2457 effe
476 2410 683 2458 fortuna:
702 2411 793 2457 hoc
817 2409 937 2456 enim
962 2408 1090 2473 quod
1108 2405 1345 2455 neceffitati
1372 2405 1434 2452 sat
1451 2396 1538 2461 est,

251 2483 381 2537 debet
406 2482 538 2534 etiam
567 2481 687 2535 irata.
715 2483 824 2532 Non
845 2480 908 2534 est
932 2493 1081 2531 tamen
1107 2495 1243 2546 quare
1270 2491 1322 2530 tu
1348 2477 1539 2529 multum
