1807 3004
517 213 1098 258 EPISTOLAE.
1393 231 1444 278 15

174 323 280 381 bus,
314 335 444 386 quam
468 336 524 367 ex
556 320 702 368 verbis
726 318 914 367 Socratis
935 318 1082 367 traxit.
1112 320 1453 380 Metrodorum,

172 411 216 445 et
247 395 562 453 Hermachum‚
594 406 637 442 et
665 396 960 458 Polyaenum,
991 411 1175 457 magnos
1205 396 1325 443 viros
1357 413 1448 442 non

170 470 319 519 schola
350 467 554 530 Epicuri,
574 466 645 513 sed
665 467 1003 513 contubernium
1030 466 1147 514 fecit.
1180 468 1276 513 Nec
1299 468 1342 513 in
1362 469 1452 515 hoc

169 554 212 590 te
241 540 406 588 arceffo
433 550 625 597 tantum,
652 552 701 585 ut
728 538 959 601 proficias,
991 540 1062 585 sed
1095 551 1142 585 ut
1171 539 1320 602 profis.
1348 541 1452 602 plu-

170 615 330 663 rimum
362 613 480 660 enim
509 612 616 658 alter
649 611 770 658 alteri
802 611 1095 659 conferemus.
1123 613 1297 659 Interim
1332 630 1452 676 quo-2

174 688 287 735 niam
317 687 518 733 diurnam
543 687 623 733 tibi
649 687 944 734 mercedulam
970 687 1137 744 debeo,
1155 687 1263 750 quid
1281 703 1351 734 me
1370 687 1454 733 ho-

167 759 240 805 die
266 759 380 821 apud
409 761 679 805 Hecatonem
707 759 1003 812 deleElaverit.
1027 760 1183 806 dicam.
1237 761 1425 821 Quaeris
1441 795 1457 817 ,

169 828 342 894 inquit,
373 831 478 895 quid
507 831 803 894 profecerim?
855 832 1034 879 Amicus
1062 831 1147 878 effe
1174 833 1281 877 mihi
1312 834 1459 895 coepi.

171 906 366 953 Multum
395 905 599 968 profecit.
626 922 846 968 nunquam
866 907 948 952 erit
973 905 1097 951 (clus.
1127 905 1220 964 Qui
1239 905 1316 951 fibi
1345 906 1454 953 ami-
1496 964 1498 967 v

173 970 249 1029 cus
276 979 337 1028 est
347 1015 362 1038 ‚
382 979 493 1028 scito
521 980 639 1026 hunc
671 979 862 1026 amicum
892 978 1098 1025 omnibus
1127 978 1226 1027 effe.

455 1112 931 1156 EPISTOLA
1016 1111 1177 1157 V.11.

175 1242 416 1302 Proficienti
439 1243 600 1288 turbam
629 1241 845 1286 vitandam
859 1271 873 1292 ,
897 1238 940 1287 ὃ*
958 1240 1064 1287 vitia
1083 1241 1136 1284 ab
1165 1256 1210 1284 ea
1229 1239 1336 1285 trahi
1348 1256 1365 1286 .·
1383 1241 1453 1286 νὶἑ

239 1316 372 1358 tanda
403 1315 496 1358 item
511 1312 744 1372 spec‘lacula
761 1348 773 1368 ,
805 1311 848 1358 G*
876 1314 1059 1357 maxime
1088 1326 1266 1357 cruenta.
1314 1314 1457 1372 Neque

231 1387 389 1446 publice
419 1385 700 1439 recitandum,
728 1401 801 1429 aut
831 1382 1095 1448 dfflrendum
1110 1418 1123 1439 ,
1148 1386 1265 1444 apud
1283 1385 1456 1447 dffmi-

237 1460 310 1503 les.
335 1458 476 1502 Pluris
493 1456 578 1517 fit,
606 1458 764 1517 inquit,
789 1475 899 1503 unus
918 1461 1094 1518 alterque
1120 1460 1286 1502 auditor
1300 1460 1460 1517 bonus,

238 1545 314 1576 aut
340 1531 465 1576 etiam
493 1532 652 1577 nullus.

184 1652 421 1789 QUID
447 1717 527 1767 tibi
545 1717 775 1768 vitandum
806 1719 1041 1784 praecipue
1066 1720 1310 1779 existimes,
1331 1738 1461 1784 quae-

178 1793 270 1840 ris?
307 1793 493 1840 turbam.
531 1794 748 1841 Nondum
781 1795 895 1841 enim
916 1807 1013 1841 tuto
1034 1794 1096 1841 illi
1113 1812 1156 1843 te
1176 1797 1462 1843 commiseris.

177 1866 275 1928 Ego
305 1875 420 1911 certe
439 1863 659 1912 confiteor
682 1866 1025 1912 imbecillitatem
1047 1883 1203 1914 meam.
1225 1869 1463 1931 Nunquam

178 1953 326 1984 mores
342 1953 453 2000 quos
478 1938 636 1995 extuli,
664 1937 826 1985 refero.
855 1937 1033 2001 Aliquid
1053 1955 1107 1984 ex
1127 1956 1183 1985 eo
1200 1940 1321 2002 quod
1337 1956 1464 1986 com-

178 2009 332 2071 posui,
357 2010 556 2056 turbatur
582 2029 594 2057 ε
621 2010 785 2074 aliquid
816 2026 869 2057 ex
898 2011 961 2057 his
990 2027 1099 2073 quae
1127 2012 1304 2074 fugavi,
1335 2014 1463 2061 redit.

179 2084 319 2142 Quod
348 2083 487 2146 aegris
515 2084 695 2139 evenit,
728 2101 842 2147 quos
874 2085 1006 2147 longa
1035 2084 1302 2132 imbecillitas
1325 2086 1462 2149 usque

179 2170 236 2200 eo
264 2153 432 2209 affecit,
449 2167 495 2201 ut
524 2173 746 2219 nunquam
768 2156 854 2201 fine
872 2155 1034 2202 offensa
1053 2156 1331 2219 proferantur
1346 2194 1359 2215 ,
1376 2160 1464 2206 hoc

178 2226 340 2273 accidit
371 2227 529 2283 nobis,
560 2245 749 2290 quorum
782 2228 919 2274 animi
947 2245 1003 2285 ex
1032 2230 1172 2292 longo
1201 2232 1365 2277 morbo
1388 2249 1464 2278 re-

179 2296 402 2344 ficiuntur.
427 2298 606 2344 Inimica
631 2298 692 2344 est
715 2298 959 2346 multorum
989 2303 1281 2352 conversatio.
1313 2304 1464 2353 Nemo

180 2389 274 2420 non
306 2373 485 2436 aliquod
512 2374 641 2421 nobis
663 2374 818 2421 vitium
850 2386 923 2420 aut
950 2377 1256 2434 commendat,
1286 2389 1359 2424 aut
1378 2377 1465 2425 im-

181 2445 355 2509 primit,
386 2461 460 2493 aut
484 2447 773 2495 nescientibus
805 2447 959 2494 allinit.
996 2450 1164 2513 Utique
1192 2465 1284 2513 quo
1319 2450 1464 2496 maior
1499 2482 1549 2532 Χ

179 2517 242 2566 est
259 2518 450 2582 populus
468 2519 538 2568 cui
556 2521 898 2571 commiscemur
915 2553 930 2578 ‚
954 2521 1042 2570 hoc
1060 2522 1242 2586 periculi
1263 2522 1360 2586 plus
1387 2521 1464 2572 est.
