1780 2988
490 177 1061 226 EPISTOLAE.
1318 188 1405 239 395

142 287 352 336 iudicium
380 288 434 334 de
453 286 667 350 fugiendis
689 284 992 348 petendisque‚
1020 281 1096 330 scit
1115 279 1220 344 quid
1248 279 1324 327 fibi
1344 281 1413 328 fa-

138 363 341 410 ciendum
372 360 446 418 fit,
484 360 614 406 etiam
648 372 689 406 te
725 369 904 406 tacente.
941 369 1037 404 tota
1069 370 1175 418 ergo
1208 371 1305 417 pars
1336 354 1412 402 ista

138 435 437 496 philosophiae
464 431 715 479 submoveri
746 429 900 494 potest.
933 430 1042 476 Duo
1070 427 1194 484 sunt,
1228 440 1411 489 propter

138 522 248 567 quae
273 503 591 567 delinquimus:
617 507 704 550 Aut
730 501 837 548 inest
853 501 1000 547 animo
1020 499 1162 562 pravis
1190 499 1414 559 opinioni-

138 576 218 622 bus
236 575 399 622 malitia
425 575 672 622 contracta:
697 586 769 620 aut
796 573 924 619 etiam
947 572 977 618 fi
1005 588 1093 617 non
1122 570 1181 617 est
1205 569 1311 617 falsis
1332 587 1413 618 oc-

139 659 343 709 cupatus,
375 648 429 694 ad
465 646 565 693 falsa
595 645 806 709 proclivis
832 644 919 699 est,
946 656 986 689 et
1011 643 1100 689 cito
1131 644 1293 703 specie,
1321 659 1415 705 quo

137 737 227 766 non
251 733 432 782 oportet
455 721 675 777 trahente,
699 717 1006 779 corrumpitur.
1030 718 1176 778 ltaque
1204 715 1415 763 debemus

137 807 209 841 aut
226 810 453 856 percurare
477 806 669 840 mentem
687 807 856 855 aegram
871 825 882 847 ,
917 802 960 836 et
978 788 1096 836 vitiis
1117 788 1318 843 liberare3
1341 799 1416 834 aut

137 881 370 913 vacantem
387 865 583 927 quidem,
606 864 675 912 sed
694 864 747 910 ad
769 863 918 924 peiora
938 877 1148 923 pronam,
1169 876 1414 922 praeoccu-

138 955 250 997 pare.
279 941 526 1000 Utrumque
557 939 728 984 decreta
755 935 1056 998 philosophiae
1086 934 1280 980 faciunt:
1305 949 1414 997 ergo

136 1011 219 1057 tale
243 1010 536 1074 praecipiendi
565 1026 698 1073 genus
719 1009 822 1055 nibil
844 1010 944 1072 agit.
967 1010 1212 1066 Praeterea,
1241 1006 1271 1052 fi
1292 1022 1417 1068 prae-

137 1095 260 1140 cepta
294 1082 463 1146 singulis
498 1084 675 1139 damus,
710 1080 1149 1143 incomprehensibile
1186 1096 1298 1142 opus
1340 1078 1417 1125 est-

136 1157 233 1203 Alia
266 1158 383 1203 enim
425 1157 527 1203 dare
568 1156 776 1202 debemus
815 1154 1058 1201 foeneranti
1082 1189 1096 1210 ‚
1132 1153 1211 1199 alia
1251 1152 1417 1200 colenti

136 1245 288 1292 agi-um
305 1265 318 1285 ‚
337 1228 417 1274 alia
434 1228 703 1291 negotianti,
730 1227 810 1273 alia
833 1243 983 1290 regum
1007 1224 1217 1273 amicitias
1235 1224 1417 1288 sequen-

136 1302 199 1360 ti,
231 1302 312 1349 alia
338 1319 484 1365 pares,
512 1301 592 1348 alia
614 1300 845 1348 inferiores
872 1311 1082 1347 amaturo.
1108 1301 1157 1346 In
1183 1299 1418 1345 matrimo-

136 1375 212 1421 nio
236 1374 503 1437 praecipias,
535 1374 769 1435 quomodo
797 1373 920 1420 vivat
951 1375 1068 1420 cum'
1087 1388 1229 1419 uxore
1260 1370 1417 1435 aliquis

135 1463 264 1510 quam
292 1447 505 1510 virginem
538 1448 686 1502 duxit,
722 1448 954 1511 quomodo
984 1463 1083 1494 cum
1116 1462 1165 1492 ea
1194 1461 1305 1508 quae
1335 1444 1417 1491 ali·

136 1518 255 1565 cuius
275 1531 371 1565 ante
388 1519 716 1565 matrimonium
733 1532 912 1581 experta
931 1517 1013 1575 est,
1035 1516 1416 1580 quemadmodum

136 1608 235 1639 cum
264 1592 508 1653 locuplete,
553 1591 926 1654 quemadmodum
966 1606 1068 1636 cum
1096 1589 1308 1635 indotata.
1344 1593 1415 1635 An

134 1680 225 1709 non
253 1676 374 1726 putas
406 1665 571 1728 aliquid
590 1664 673 1711 effe
703 1663 962 1711 discriminis
991 1663 1103 1709 inter
1123 1662 1308 1709 sterilem
1326 1698 1337 1718 ‚
1371 1675 1415 1710 et

134 1734 429 1788 foecundam3
456 1737 568 1793 inter
598 1737 925 1798 provectiorem
945 1773 959 1795 ‚
985 1748 1028 1783 et
1055 1736 1243 1799 puellam
1264 1753 1278 1791 3
1301 1736 1414 1782 inter

134 1821 347 1866 matrem,
383 1804 726 1858 etnovercam?
765 1812 935 1857 Omnes
970 1811 1136 1873 species
1175 1810 1412 1872 compleE'ti
1444 1799 1445 1802 Ἰ

135 1898 226 1927 non
247 1882 470 1944 possumus
489 1901 499 1929 :
520 1884 639 1946 atqui
661 1882 846 1946 singulae
866 1883 1044 1946 propria
1064 1883 1254 1946 exigunt.
1274 1885 1411 1947 Leges

134 1968 278 2001 autem
310 1956 606 2018 philosophiae
635 1956 789 2002 breves
820 1956 943 2014 sunt,
972 1967 1014 2003 et
1041 1957 1189 2004 omnia
1225 1955 1412 2019 alligant.

135 2027 289 2073 Adiice
311 2045 451 2085 nunc,
474 2029 595 2091 quod
625 2027 824 2090 sapientis
841 2040 1069 2092 praecepta
1089 2027 1210 2075 finita
1228 2028 1310 2074 effe
1329 2028 1410 2075 de-

133 2100 267 2155 bent,
298 2111 340 2146 et
373 2112 488 2146 certa
509 2117 520 2146 :
550 2100 579 2146 fi
601 2117 685 2164 qua
718 2099 833 2147 finiri
856 2117 949 2148 non
978 2100 1153 2164 possunt
1170 2137 1182 2159 ,
1201 2114 1320 2148 extra
1345 2102 1412 2148 sa-

133 2170 342 2232 pientiam
370 2169 463 2217 sunt
484 2189 495 2217 :
516 2170 722 2233 sapientia
748 2188 893 2218 rerum
921 2172 1133 2220 terminos
1160 2173 1302 2220 novit.
1328 2176 1412 2220 Er-

135 2257 195 2304 go
215 2240 292 2286 ista
313 2257 410 2303 pars
431 2243 708 2305 praeceptiva
734 2243 1034 2292 submovenda
1055 2244 1115 2291 est
1135 2264 1145 2291 :
1168 2245 1268 2309 quia
1290 2246 1411 2309 quod

133 2314 283 2375 paucis
325 2315 572 2376 promittit,
613 2316 824 2378 praestare
869 2316 1076 2365 omnibus
1110 2335 1201 2365 non
1235 2318 1415 2381 potest:

133 2385 337 2447 sapientia
366 2403 510 2434 autem
538 2405 692 2436 omnes
720 2402 850 2436 tenet.
881 2393 996 2437 Inter
1025 2390 1232 2437 insaniam
1266 2391 1413 2453 publi-

135 2473 230 2508 cam
245 2493 261 2520 ,
295 2472 339 2507 et
357 2460 466 2510 hanc
488 2478 598 2528 quae
628 2462 809 2513 medicis
828 2462 1010 2513 traditur
1025 2499 1040 2523 ,
1064 2464 1173 2513 nihil
1201 2463 1376 2512 interest
1401 2481 1409 2511 :
