1807 3004
360 217 418 249 20
615 205 662 250 L.
706 203 1004 250 ANNAEI
1056 205 1405 253 SENECAE

352 308 525 363 omnia,
553 326 662 373 quae
692 310 980 372 supervacuus
1009 311 1134 357 labor
1167 312 1288 359 velut
1316 326 1623 360 ornamentum

351 400 402 430 ac
421 386 550 431 decus
578 374 717 446 ponit..
740 386 898 447 Cogita
923 386 967 429 in
992 396 1056 442 te,
1079 402 1249 448 praeter
1268 389 1460 434 animum
1476 423 1488 446 ,
1518 388 1625 434 nihil

303 464 314 477 ¹
348 457 434 504 effe
463 458 659 504 mirabile
681 475 691 503 :
711 457 781 504 cui
810 474 971 521 magno
1003 458 1106 503 nihil
1135 475 1339 523 magnum
1363 461 1437 507 est.
1469 461 1511 506 Si
1538 461 1624 508 hoc

349 546 524 576 mecum
540 564 553 583 ,
581 529 610 574 fi
629 530 715 574 hoc
736 545 832 574 cum
852 528 1034 590 posteris
1054 530 1238 592 loquor,
1264 548 1352 577 non
1373 533 1528 579 videor
1546 533 1625 580 tibi

348 605 444 666 plus
465 602 691 665 prodesse,
717 619 844 665 quam
874 618 972 648 cum
992 603 1043 647 ad
1064 603 1368 649 vadimonium
1387 607 1625 654 advocatus

344 674 650 721 descenderem
669 709 682 731 ,
711 687 784 719 aut
801 672 953 718 tabulis
976 672 1215 720 testamenti
1235 677 1440 722 annulum
1466 678 1622 739 impri-

345 766 532 805 merem,
565 761 637 795 aut
662 747 705 793 in
733 747 879 793 senatu
915 747 1147 793 candidato
1178 763 1337 794 vocem
1371 764 1414 794 et
1443 767 1621 797 manum

345 821 708 869 commodarem?
728 820 837 866 Mihi
855 821 985 866 crede
1000 838 1010 864 :
1026 820 1098 883 qui
1123 821 1225 866 nihil
1245 838 1371 884 agere·
1393 823 1621 883 videntur,

344 897 512 943 maiora
528 909 658 959 agunt
674 931 685 952 ,
706 895 894 941 humana
915 893 1148 956 divinaque
1169 895 1288 940 fimul
1317 896 1512 943 traffcant.
1538 898 1619 944 Sed

343 971 428 1016 iam
460 969 557 1016 finis
583 968 805 1015 faciendus
835 959 931 1025 est,
959 978 1000 1012 et
1028 967 1190 1029 aliquid
1209 1003 1220 1024 ,
1249 979 1296 1012 ut
1326 967 1512 1027 institui,
1537 986 1621 1031 pro
1684 980 1688 984 '

343 1045 424 1090 hac
442 1043 620 1106 epistola
637 1041 985 1104 dependendum.
1002 1041 1043 1086 id
1067 1042 1120 1086 de
1141 1057 1242 1086 meo
1261 1056 1350 1085 non
1370 1040 1459 1088 fiet.
1477 1043 1619 1090 adhuc

342 1120 583 1181 Epicurum
617 1118 898 1179 replicamus,
929 1116 1048 1162 cuius
1074 1117 1184 1161 hanc
1215 1131 1376 1161 vocem
1400 1116 1618 1164 hodierno

342 1194 412 1239 die
429 1194 524 1256 legi.
547 1192 853 1254 Philosophiae
872 1188 1028 1237 {erixias
1049 1202 1253 1252 oportet,
1274 1203 1322 1235 ut
1344 1190 1423 1237 tibi
1441 1191 1617 1238 contin·

341 1280 413 1328 gat
438 1281 538 1311 vera
567 1265 752 1310 libertas.
774 1265 877 1309 Non
905 1262 1102 1309 differtur
1127 1263 1171 1308 in
1204 1263 1319 1309 diem
1337 1295 1351 1318 ,
1381 1264 1457 1325 qui
1490 1264 1530 1311 se
1555 1264 1617 1311 illi

342 1338 521 1385 subiecit
557 1349 599 1384 et
628 1335 818 1384 tradidit.
852 1333 990 1381 statim
1027 1334 1348 1398 circumagitur.
1382 1335 1469 1382 hoc
1499 1336 1615 1383 enim

339 1410 479 1472 ipsum
504 1408 805 1471 philosophiae
832 1406 1016 1463 servire,
1042 1407 1213 1453 libertas
1238 1406 1311 1454 est.
1330 1408 1472 1455 Potest
1495 1406 1615 1465 fieri,

338 1496 385 1528 ut
407 1499 475 1528 me
503 1483 743 1544 interroges
760 1517 772 1537 ‚
796 1497 928 1543 quare
951 1480 1004 1526 ab
1024 1480 1215 1542 Epicuro
1233 1492 1320 1525 tam
1342 1481 1473 1526 multa
1500 1482 1615 1528 bene

339 1555 451 1601 diem
478 1554 663 1601 referam
692 1553 837 1617 potius
867 1569 995 1614 quam
1032 1551 1295 1599 nostrorum.
1328 1553 1433 1616 quid
1461 1553 1521 1599 est
1549 1566 1614 1599 ta-

337 1644 467 1683 men,
497 1644 631 1690 quare
656 1639 703 1672 tu
731 1625 826 1671 istas
857 1624 1028 1686 Epicuri
1060 1640 1197 1672 voces
1226 1637 1350 1686 putes
1384 1624 1493 1683 esse,
1523 1642 1614 1672 non

336 1699 563 1762 publicas?
583 1701 728 1758 Quam
756 1698 886 1744 multa
911 1698 1069 1759 poetae
1092 1697 1270 1756 dicunt,
1295 1715 1406 1760 quae
1426 1716 1449 1744 a
1468 1699 1612 1760 philo-

335 1771 480 1832 sophis
499 1783 572 1816 aut
595 1771 706 1817 dicia
729 1769 823 1816 sunt
840 1782 915 1816 aut
933 1769 1146 1814 dicenda?
1172 1770 1276 1814 Non
1297 1769 1503 1834 attingam
1525 1782 1610 1816 tra-

333 1844 454 1906 gicos
470 1854 571 1897 ,mit
590 1855 755 1906 togatas
783 1841 976 1888 nostras:
1003 1839 1164 1886 habent
1190 1840 1306 1887 enim
1330 1841 1410 1888 hae
1430 1858 1609 1905 quoque

331 1916 496 1978 aliquid
514 1915 747 1962 severitatis
761 1950 773 1972 ,
793 1928 836 1960 et
856 1913 951 1960 sunt
970 1913 1082 1959 inter
1101 1915 1357 1961 comoedias
1374 1929 1415 1961 et
1431 1924 1608 1978 tragoess-

331 1989 424 2035 dias
444 1990 632 2035 mediae:
651 2000 860 2050 quantum
883 1985 1255 2033 disertiffimorum
1276 1986 1477 2033 versuum
1495 1987 1608 2033 inter

329 2063 491 2108 mimos
508 2061 642 2108 iacet?
660 2077 786 2124 quam
808 2059 943 2105 multa
953 2060 1119 2115 Publii,
1138 2077 1227 2106 non
1247 2059 1520 2114 excalceati33
1535 2060 1607 2107 sed

328 2136 598 2183 cothurnatis
623 2134 807 2182 dicenda
837 2132 965 2185 sunt?
1000 2135 1150 2179 Unum
1181 2133 1271 2180 eius
1292 2132 1494 2190 versum,
1528 2133 1604 2195 qui

329 2211 383 2254 ad
415 2208 734 2271 philosophiam
762 2205 975 2268 pertinet,
1003 2219 1045 2251 et
1080 2207 1134 2252 ad
1168 2207 1279 2262 hanc
1302 2218 1467 2268 partem
1492 2221 1605 2268 quae

328 2282 467 2327 modo
492 2281 571 2326 fuit
594 2281 636 2326 in
661 2280 889 2335 manibus,
917 2277 1130 2336 referam,
1162 2295 1254 2342 quo
1273 2277 1604 2342 negatfortuita

326 2353 371 2400 in
394 2353 548 2401 nostris
576 2352 799 2399 habenda:

452 2492 651 2537 Alienum
671 2490 723 2556 ςβ
740 2507 858 2536 omne
869 2524 884 2550 ,
912 2490 1118 2552 quidquid
1131 2493 1314 2552 optando
1329 2492 1451 2540 venit.
