1797 2956
263 179 352 224 194
486 162 532 208 L.
587 160 885 206 ANNAE1
939 158 1300 205 SENECAE

256 285 373 316 cum.
400 267 429 314 fi
463 284 554 314 non
581 267 710 314 fuerit
742 266 815 312 ubi
845 265 919 313 fiat
945 266 1136 329 aliquid,
1165 283 1217 313 ne
1249 265 1323 313 fiet
1345 265 1537 330 quidem.

259 344 434 390 Ponant
460 354 646 388 motum.
667 340 724 386 nil
749 339 834 386 fine
859 340 946 386 hoc
978 357 1057 388 nec
1083 339 1132 387 fit
1152 357 1231 387 nec
1255 340 1366 403 perit
1387 359 1397 386 ε
1425 341 1539 388 nulla

262 416 352 463 fine
384 426 508 462 motu
534 432 628 473 ars,
654 414 767 462 nulla
795 414 983 461 mutatio
1008 413 1083 461 est.
1107 416 1190 461 Sed
1209 431 1290 461 nos
1319 431 1434 461 nunc
1453 415 1542 476 pri-

261 505 379 536 mam
410 500 453 535 et
476 487 719 551 generalem
750 488 919 534 causam
948 486 1209 550 quaerimus.
1233 488 1339 535 haec
1364 487 1542 551 simplex

257 561 342 609 esse
371 561 527 607 debet:
548 578 646 607 narn
673 571 716 606 et
730 559 910 606 materia
934 559 1115 622 simplex
1139 559 1212 606 est.
1243 560 1509 620 Quaerimus
1529 597 1543 620 ,

259 634 369 698 quid
396 632 445 680 fit
465 634 589 680 causa
609 650 621 680 ε
644 632 774 679 Ratio
800 632 962 680 faciens
978 668 992 691 ,
1017 632 1063 679 id
1085 631 1164 689 est,
1184 633 1321 679 Deus.
1344 636 1405 679 Ita
1423 634 1541 681 enim

262 722 376 771 quae
402 723 517 753 nunc
541 705 698 763 retuli,
726 722 818 751 non
843 705 939 752 sunt
966 704 1126 752 multae
1153 716 1195 751 et
1223 705 1413 768 fingulae
1441 724 1544 754 cau·-

260 778 331 825 sae
347 815 360 836 ‚
385 779 456 826 sed
476 795 528 824 ex
554 794 638 825 una
664 777 881 840 pendent,
912 795 967 824 ex
986 792 1036 823 ea
1060 793 1172 840 quae
1198 776 1313 824 facit.
1342 781 1545 825 Formam

259 850 371 900 dicis
399 851 567 899 causam
592 848 680 918 effe
707 850 850 896 :hanc
882 849 1075 912 imponit
1098 847 1251 895 artifex
1277 849 1421 912 operi.
1449 867 1547 913 pars

261 926 323 973 est
338 958 353 980 ‚
379 941 470 971 non
494 923 632 971 causa.
660 923 893 986 Exemplar
911 938 1093 986 quoque
1117 938 1209 967 non
1227 921 1288 969 est
1306 922 1428 969 causa
1442 959 1455 981 ,
1476 923 1548 970 sed

260 998 595 1048 instrumentum
639 996 787 1043 causae
820 995 1119 1042 necessarium.
1163 995 1232 1040 Sic
1266 993 1546 1041 neceffarium

261 1073 324 1122 est
353 1073 576 1134 exemplar
605 1069 789 1127 artifici,
813 1069 1048 1132 quomodo
1078 1068 1316 1130 scalprum,
1349 1083 1547 1131 quomo-

266 1147 328 1193 do
354 1145 471 1192 lima.
498 1145 585 1191 fine
609 1144 676 1191 his
698 1144 941 1206 procedere
959 1159 1026 1190 ars
1045 1158 1137 1189 non
1159 1141 1316 1205 potest.
1338 1158 1430 1188 non
1449 1159 1550 1204 par-

266 1232 330 1266 tes
356 1229 501 1264 tamen
529 1217 638 1263 haec
672 1217 801 1272 artis,
831 1228 902 1264 aut
921 1215 1073 1262 causae
1105 1215 1214 1262 sunt.
1245 1214 1553 1277 Propositum,

267 1292 437 1355 inquit,
456 1289 636 1338 artificis
649 1321 663 1345 ‚
692 1302 873 1353 propter
895 1288 1017 1353 quod
1037 1287 1094 1334 ad
1112 1287 1360 1334 faciendum
1388 1288 1552 1351 aliquid

267 1366 437 1413 accedit
452 1401 466 1422 ‚
488 1364 611 1412 causa
629 1363 705 1410 est.
734 1375 784 1410 ut
806 1363 856 1410 fit
876 1361 997 1411 causa
1012 1394 1026 1418 ‚
1045 1377 1135 1408 non
1157 1360 1218 1408 est
1235 1360 1427 1408 efficiens
1449 1378 1554 1408 cau-

268 1438 311 1485 sa
325 1476 341 1497 ,
360 1439 431 1486 sed
450 1437 773 1501 superveniens.
796 1438 889 1483 Hae
907 1448 1052 1482 autem
1076 1434 1413 1481 innumerabiles
1434 1435 1554 1481 sunt:

272 1530 356 1561 nos
375 1513 428 1559 de
448 1513 571 1560 causa
592 1510 843 1574 quaerimus
868 1508 1069 1573 generali.
1094 1508 1202 1554 lllud
1229 1525 1340 1555 vero
1360 1524 1451 1554 non
1472 1524 1556 1572 pro

270 1587 400 1635 solita
433 1585 532 1648 ipfis
565 1584 794 1632 subtilitate
827 1583 1034 1630 dixerunt
1055 1617 1068 1639 ‚
1094 1595 1237 1628 totum
1270 1582 1483 1628 mundum
1514 1593 1558 1629 et

273 1662 627 1710 consummatum
654 1674 789 1722 opus,
817 1656 989 1705 causam
1011 1655 1109 1703 effe.
1142 1655 1327 1702 multum
1353 1655 1468 1703 enim
1492 1655 1560 1702 in-

274 1733 403 1783 terest
427 1733 540 1780 inter
569 1748 704 1795 opus,
727 1740 771 1778 et
795 1729 966 1776 causam
992 1727 1154 1791 operis.
1183 1731 1272 1774 Aut
1299 1727 1363 1774 fer
1387 1727 1560 1775 senten-

275 1809 381 1856 tiam
403 1818 505 1853 :aut
531 1803 680 1868 (quod
704 1801 872 1850 facilius
898 1802 943 1848 in
970 1799 1188 1848 eiusmodi
1219 1800 1349 1846 rebus
1371 1798 1455 1862 est)
1483 1815 1560 1846 ne-

275 1881 427 1947 galtibi
448 1878 644 1942 liquere,
667 1887 710 1924 et
734 1891 816 1922 nos
838 1873 1002 1923 reverti
1026 1873 1142 1921 iube.
1162 1873 1285 1934 Quid
1302 1889 1344 1921 te
1360 1908 1374 1932 ‚
1393 1871 1562 1936 inquis,

279 1954 462 2002 deleciat
493 1964 669 2014 tempus
692 1948 803 1996 inter
828 1947 903 1995 ista
926 1958 1184 2002 conterere,
1215 1962 1326 2010 quae
1352 1945 1433 1993 tibi
1457 1944 1561 1992 nul-

279 2031 371 2077 lum
396 2026 600 2089 affecium
619 2023 836 2086 eripiunt,
861 2022 1020 2070 nullam
1041 2020 1326 2084 cupiditatem
1355 2018 1564 2083 abigunt?

280 2107 379 2167 Ego
398 2100 581 2165 quidem
594 2097 742 2162 priora
759 2096 831 2143 illa
861 2112 946 2160 ago
963 2112 1012 2144 ac
1031 2089 1196 2152 trac‘AEO,
1209 2093 1366 2157 quibus
1387 2107 1565 2156 pacatur

281 2178 478 2234 animus,
496 2186 539 2222 et
556 2190 627 2220 me
647 2171 765 2236 prius
787 2172 955 2219 scrutor
976 2188 987 2216 ε
1011 2169 1169 2218 deinde
1196 2169 1313 2216 hunc
1335 2166 1562 2215 mundum.

284 2251 354 2297 Ne
369 2250 458 2296 hoc
472 2246 652 2312 quidem
669 2259 857 2308 tempus,
870 2257 919 2291 ut
935 2242 1168 2300 existimas,
1184 2242 1336 2305 perdo.
1354 2239 1434 2287 Ista
1446 2237 1563 2286 enim

286 2321 437 2370 onmia
460 2319 491 2366 fi
516 2335 610 2366 non
632 2316 950 2374 concidantur,
977 2331 1057 2362 nec
1083 2314 1128 2360 in
1153 2314 1269 2361 hanc
1287 2311 1565 2360 subtilitatem

286 2396 484 2444 inutilem
516 2392 805 2441 distrahantur
821 2426 835 2449 ‚
865 2388 1068 2436 attollunt
1095 2402 1139 2435 et
1160 2387 1310 2435 levant
1337 2385 1532 2433 animum
1550 2417 1568 2440 ‚

289 2469 368 2534 qui
394 2467 518 2534 gravi
537 2466 699 2519 sarcina
722 2463 907 2529 prestus,
927 2461 1139 2528 explicari
1158 2461 1310 2526 cupit,
1334 2474 1377 2508 et
1402 2455 1566 2509 reverti
