1807 3004
524 173 1094 221 EPISTOLAE.
1359 191 1441 240 175

169 280 429 329 sacrificium
449 316 462 340 ,
498 281 735 328 remittere.
774 280 919 327 Potest
949 280 1170 344 frugalitas
1200 282 1447 344 producere

169 355 428 403 senectutem
459 375 471 402 :
505 373 637 417 quam
668 370 715 401 ut
748 372 840 401 non
875 370 984 418 puto
1015 357 1407 417 concupiscendam
1429 388 1446 412 ,

169 429 228 476 ita
256 447 309 476 ne
335 429 612 477 recusandam
635 431 833 493 quidem.
877 431 1117 475 Iucundum
1149 428 1236 487 est,
1269 429 1352 476 ess'e
1380 430 1448 477 se-

169 519 269 549 cum
295 519 425 565 quam
449 501 677 547 diutiffime
695 538 708 560 ,
726 519 824 549 cum
846 503 944 565 quis
965 502 1005 548 se
1026 501 1204 563 dignum
1224 519 1314 565 quo
1332 502 1448 550 frue-

169 587 307 631 retur,
328 573 483 620 effecit.
514 575 661 637 ltaque
687 576 741 620 de
763 572 851 621 isto
868 573 1061 620 feremus
1087 573 1337 629 sententiam
1354 608 1368 631 ‚
1390 592 1445 623 an

170 659 373 708 oporteat
400 644 591 691 fastidire
618 646 845 693 teneEtutis
868 658 1087 699 extrema,
1119 658 1162 691 et
1189 645 1320 692 fidem
1352 664 1446 694 non

169 721 394 783 opperiri,
417 720 490 766 sed
512 737 646 766 manu
669 720 822 767 facere.
852 721 995 781 Prope
1012 718 1072 765 est
1091 736 1114 765 a
1140 720 1348 779 timente,
1371 721 1448 783 qui

168 792 306 840 fatum
336 793 473 856 segnis
503 793 715 855 exspectat
744 811 754 837 z
785 792 894 840 ficut
925 792 994 838 ille
1021 792 1132 838 ultra
1154 793 1338 840 modum
1368 794 1448 840 de·-

171 867 284 912 ditus
312 866 422 912 vino
454 864 535 919 est,
560 865 636 928 qui
668 865 927 927 amphoram
960 862 1176 921 exsiccat,
1204 875 1247 909 et
1274 863 1446 912 faecem

169 954 348 1000 quoque
376 937 587 984 exsorbet.
624 937 697 983 De
728 937 814 984 hoc
851 950 998 982 tamen
1029 951 1311 998 quaeremus,
1348 953 1448 998 pars

170 1011 338 1058 summa
366 1012 509 1066 vitae,
541 1026 687 1057 utrum
723 1009 822 1056 faex
853 1009 970 1056 vitae
996 999 1103 1056 liaec
1133 1008 1202 1065 fit,
1233 1025 1286 1054 an
1314 1008 1458 1072 liqui-u

172 1084 388 1130 diffimum
423 1100 472 1128 ac
503 1082 775 1144 puriffimum
814 1080 1022 1144 quiddam
1051 1098 1061 1127 ε
1092 1080 1121 1127 Ε
1152 1082 1292 1128 modo
1324 1099 1450 1130 mens

171 1154 258 1202 fine
288 1155 442 1202 iniuria
474 1153 561 1213 est,
592 1168 635 1201 et
670 1153 828 1217 integri
862 1151 1004 1199 sensus
1038 1153 1233 1199 animum
1261 1152 1414 1200 iuvant
1433 1189 1450 1212 ‚

172 1241 254 1271 nec
272 1224 488 1270 defectum
508 1234 552 1269 et
569 1232 896 1284 praemortuum
917 1237 1079 1283 corpus
1097 1221 1171 1268 est.
1207 1221 1451 1269 Plurimum

171 1297 287 1342 enim
308 1296 440 1342 refert
454 1331 466 1352 ,
488 1295 625 1341 vitam
650 1293 804 1356 aliquis
823 1295 1051 1350 extendat,
1071 1311 1126 1340 an
1150 1306 1354 1342 mortem.
1388 1299 1452 1344 At

171 1369 203 1415 fi
220 1370 370 1416 inutile
391 1367 636 1414 ministeriis
660 1366 720 1414 est
749 1383 931 1429 cornua,
954 1367 1106 1429 quidni
1125 1379 1328 1429 oporteat
1349 1370 1451 1416 edu-

172 1459 269 1490 cere
305 1443 497 1488 animum
531 1440 843 1487 laborantem?
893 1452 936 1486 et
974 1439 1148 1486 fortasse
1185 1443 1315 1503 paulo
1352 1454 1451 1489 ante

172 1531 302 1576 quam
332 1514 487 1570 debet,
515 1513 763 1560 faciendum
799 1511 859 1558 est
878 1547 891 1569 ‚
925 1529 979 1558 ne
1011 1529 1111 1558 cum
1138 1511 1232 1558 fieri
1267 1514 1452 1574 debeat,

173 1587 316 1634 facere
335 1603 425 1633 non
462 1585 621 1649 poffis:
645 1597 688 1631 et
715 1601 814 1631 cum
846 1584 985 1631 maius
1011 1584 1253 1646 periculum
1273 1585 1321 1631 sit
1339 1589 1452 1634 male

175 1660 387 1717 vivendi,
412 1676 544 1723 quam
577 1657 666 1705 cito
699 1656 954 1711 moriendi,
990 1657 1138 1703 stultus
1167 1657 1227 1703 est
1252 1659 1328 1721 qui
1358 1676 1451 1706 non

132 1743 133 1746 ’
172 1733 320 1796 exigui
340 1731 549 1795 temporis
575 1731 800 1785 mercede,
823 1745 1005 1793 magnae
1027 1729 1089 1775 rei
1108 1731 1242 1776 aleam
1261 1732 1453 1780 redimit.

175 1807 340 1852 Paucos
368 1804 614 1867 longiffima
648 1804 840 1850 senecius
868 1804 923 1848 ad
951 1815 1139 1849 mortem
1173 1803 1260 1850 fine
1294 1806 1452 1852 iniuria

175 1878 367 1940 pertulit.
399 1877 547 1925 multis
565 1877 680 1923 iners
698 1877 793 1923 vita
817 1874 904 1922 fine
933 1875 1007 1922 usu
1033 1875 1164 1922 iacuit
1196 1876 1273 1925 sui.
1304 1881 1454 1939 Quan-

175 1963 222 1998 to
254 1951 409 1998 deinde
433 1950 660 1997 crudelius
687 1950 879 2007 iudicas,
909 1949 1072 2012 aliquid
1096 1967 1149 1997 ex
1178 1952 1270 1999 vita
1302 1955 1455 2014 perdi-c

175 2023 302 2080 diffe,
339 2023 542 2085 quamvis
572 2021 798 2069 finienda?
828 2022 936 2069 Noli
969 2039 1041 2069 me
1075 2023 1240 2071 invitus
1269 2026 1417 2074 audire
1437 2059 1454 2082 ,

176 2106 381 2156 tanquam
401 2096 456 2139 ad
476 2106 517 2140 te
545 2094 630 2139 iam
657 2094 871 2155 pertineat
889 2092 965 2139 ista
988 2094 1193 2141 sententia
1214 2113 1225 2141 :
1245 2096 1317 2142 sed
1344 2099 1450 2160 quid

174 2169 315 2215 dicam
335 2167 523 2214 aestima.
550 2169 653 2214 Non
672 2167 915 2229 relinquam
939 2168 1199 2214 senectutem
1215 2205 1227 2226 ,
1251 2170 1281 2214 fi
1300 2187 1370 2215 me
1387 2184 1451 2217 to·

175 2252 269 2286 tum
291 2240 397 2285 mihi
420 2238 658 2285 reservabit
683 2257 694 2285 ε
717 2252 861 2285 totum
888 2251 1031 2285 autem
1051 2241 1105 2285 ab
1127 2239 1198 2285 illa
1219 2253 1342 2302 parte
1361 2258 1453 2288 me-

176 2314 304 2360 liore.
341 2315 400 2358 At
431 2313 461 2357 fi
495 2313 694 2375 coeperit
730 2325 966 2358 concutere
997 2325 1217 2370 mentem,
1246 2312 1277 2359 fi
1309 2327 1452 2376 partes

177 2388 269 2434 eius
297 2386 574 2444 convellere,
603 2387 635 2432 si
661 2386 771 2432 mihi
806 2402 896 2431 non
930 2387 1066 2433 vitam
1100 2385 1346 2449 reliquerit,
1378 2387 1454 2435 sed

178 2461 365 2509 animam
391 2477 402 2509 :
433 2459 652 2525 prosiliam
680 2476 736 2507 ex
769 2457 973 2508 aedificio
1002 2459 1183 2523 putrido
1214 2476 1265 2508 ac
1296 2460 1453 2512 ruenti,
