1797 2956
385 174 474 237 256
641 175 688 219 L.
737 168 1034 219 ANNAEI
1081 175 1432 221 SENECAE

380 281 476 326 suae
504 292 618 326 certa
641 277 844 340 poffeffio
867 295 876 323 :
908 277 1083 339 possunt
1109 278 1226 324 'enim
1255 280 1299 325 in
1327 281 1478 327 eadem
1508 281 1655 329 relabi.-

380 352 581 399 Tertium
612 350 714 395 illud
735 366 868 412 genus
885 362 1003 395 extra
1023 351 1158 417 ¹multa
1188 364 1230 398 et
1252 369 1405 415 magna
1431 354 1535 399 vitia
1564 353 1655 410 est,

379 425 453 471 sed
487 440 577 469 non
619 436 737 468 extra
771 422 933 468 omnia.
962 421 1113 485 effugit
1144 424 1397 479 avaritiam3
1444 425 1513 471 sed
1544 425 1652 471 iram

377 498 520 543 adhuc
548 495 684 542 sentit.
703 495 789 540 iam
810 511 899 540 non
918 495 1170 542 sollicitatur
1194 497 1403 552 libidine3
1437 498 1508 544 sed
1527 498 1654 544 habet

376 572 614 617 etiamnum
655 568 953 615 ambitionem.
990 569 1073 614 iam
1114 587 1203 615 non
1245 572 1540 634 concupiscit3
1581 571 1651 618 sed

376 645 516 691 adhuc
537 644 673 690 timet.
698 643 801 689 etin
822 642 918 703 ipso
940 654 1057 688 metu
1077 643 1128 687 ad
1153 645 1364 702 quaedam
1386 645 1480 690 satis
1500 644 1657 691 firmus

374 717 434 764 est
449 752 462 774 ,
485 716 743 780 quibusdam
768 715 882 762 cedit
902 730 912 759 t
931 728 1136 778 mortem*
1147 717 1388 761 contemnit
1407 752 1420 773 ,
1449 718 1650 763 dolorem

373 790 642 837 reformidat.
679 788 753 834 De
784 788 871 834 hoc
901 788 1003 835 loco
1035 789 1198 852 aliquid
1231 788 1505 851 cogitemus:
1541 791 1650 836 bene

371 862 602 909 'nobiscum
632 874 781 923 agetur
800 895 813 918 ‚
851 860 881 905 fi
907 860 949 905 in
987 861 1107 907 hunc
1131 861 1372 908 admittitur
1407 872 1649 911 numerum.-

370 936 532 997 Magna
550 932 751 979 felicitate
780 946 960 979 naturae
974 963 988 986 ‚
1006 948 1247 995 magnaque
1267 946 1309 979 et
1329 932 1490 979 affidua
1508 934 1648 981 inten-

370 1005 492 1052 tione
534 1004 688 1062 studii,
725 1005 939 1051 secundus
967 1017 1210 1066 occupatur
1247 1006 1431 1068 gradus:
1470 1007 1540 1052 sed
1569 1023 1649 1054 nec,

369 1079 440 1125 hic
458 1079 635 1141 quidem
660 1079 1005 1124 contemnendus
1027 1077 1086 1124 est
1108 1078 1234 1124 color
1266 1079 1428 1125 tertius.
1461 1078 1647 1141 Cogita,-

368 1163 578 1215 quantum
609 1151 720 1196 circa
751 1164 792 1197 te
826 1151 976 1197 videas
1006 1152 1219 1197 maiorum
1247 1168 1257 1196 τ
1291 1151 1486 1212 adspice,
1515 1164 1646 1213 quam

362 1224 536 1271 'nullum
574 1223 623 1268 fit
654 1222 772 1269 nefas
806 1222 892 1268 fine
930 1223 1135 1284 exemplo
1155 1257 1170 1278 ,
1208 1232 1418 1284 quantum
1448 1223 1646 1285 quotidie

367 1299 561 1363 nequitia
605 1297 836 1361 proficiat,
883 1313 1094 1357 quantum
1138 1297 1309 1359 publice
1333 1297 1646 1359 ,privatimque

368 1383 603 1435 peccetur:
628 1370 836 1433 intelliges
853 1369 948 1416 satis
969 1385 1050 1415 nos
1077 1367 1308 1431 consequi,
1332 1367 1362 1413 fi
1388 1370 1499 1414 inter
1518 1368 1644 1430 peffia

365 1463 464 1493 mos
483 1463 572 1493 non
601 1446 756 1492 sumus,
782 1447 875 1507 Ego
905 1459 1043 1501 vero,
1074 1442 1218 1505 inquis
1235 1474 1249 1496 ‚
1277 1441 1404 1503 spero
1430 1459 1501 1489 me
1522 1441 1643 1504 posse

363 1531 405 1565 et
419 1519 643 1583 amplioris
658 1518 821 1564 ordinis
835 1516 942 1562 fieri.
959 1516 1222 1580 Optaverim
1238 1516 1323 1563 hoc
1344 1516 1471 1563 nobis
1492 1516 1643 1579 magis,

366 1609 496 1656 quam
519 1591 808 1655 promiserim.
842 1590 1147 1653 praeoccupati
1168 1591 1336 1636 sumus:
1361 1590 1414 1636 ad
1432 1589 1640 1637 virtutem

363 1666 689 1723 contendimus,
716 1666 827 1711 inter
844 1665 950 1711 vitia
973 1664 1149 1712 distrieti
1170 1682 1179 1710 :
1206 1664 1342 1727 pudet
1365 1664 1531 1719 dicere,
1555 1665 1640 1711 ho-

363 1739 481 1786 nesta
499 1740 706 1794 colimus,
720 1750 931 1801 quantum
953 1750 1092 1785 vacat.
1111 1738 1167 1785 At
1186 1755 1315 1801 quam
1334 1739 1494 1802 grande
1508 1755 1636 1800 prae·

361 1812 498 1859 mium
523 1827 604 1858 nos
625 1813 839 1873 exspeffiit
853 1847 866 1867 ‚
882 1810 912 1856 fi
931 1812 1241 1873 occupationes
1261 1811 1448 1868 nostras,
1469 1825 1511 1858 et
1529 1812 1638 1856 mala

359 1885 624 1933 tenaciffima
642 1920 655 1942 ,
671 1884 971 1947 abrumpimus
991 1884 1008 1930 ἒ
1038 1884 1143 1931 Non
1170 1885 1383 1948 cupiditas
1402 1902 1483 1932 nos
1501 1921 1513 1942 ‚
1546 1900 1638 1931 non

360 1962 497 2008 timor
517 1960 647 2023 pellet
668 1959 887 2022 :inagitati
913 1958 1182 2018 terroribus,
1210 1960 1455 2021 incorrupti
1473 1959 1637 2022 volup-

359 2034 543 2089 tatibus,
566 2049 648 2079 nec
663 2044 852 2089 mortem
873 2030 1176 2090 horrebimus,
1197 2047 1278 2078 nec
1296 2032 1403 2078 deos
1422 2048 1432 2077 :
1453 2031 1635 2078 sciemus

360 2119 552 2153 mortem
580 2105 741 2152 malum
768 2121 858 2151 non
882 2103 991 2159 effe,
1010 2105 1115 2152 deos
1141 2105 1276 2152 malos
1292 2121 1382 2152 non
1405 2104 1503 2152 effe.
1521 2107 1633 2151 Tam

359 2180 628 2228 imbecillum
660 2179 749 2236 est,
783 2178 906 2242 quod
944 2188 1102 2234 nocet,
1135 2194 1265 2241 quam
1299 2178 1370 2226 cui
1406 2189 1590 2224 nocetur
1617 2193 1630 2223 ε

358 2253 527 2315 optima
547 2254 593 2298 vi
608 2251 742 2298 noxia
761 2262 919 2298 carent.
939 2250 1190 2313 Exspeetant
1205 2267 1287 2297 nos
1301 2286 1315 2310 ‚
1335 2250 1366 2297 fi
1381 2266 1435 2297 ex
1454 2250 1534 2297 hac
1551 2248 1630 2296 ali-

357 2325 536 2387 quando
555 2323 677 2371 faece
695 2324 740 2370 in
763 2322 869 2370 iliud
886 2324 1110 2369 evadimus
1129 2323 1308 2368 sublime
1326 2335 1369 2370 et
1387 2322 1599 2369 excelsum
1615 2355 1630 2377 ,

355 2398 644 2462 tranquillitas
665 2397 826 2454 animi,
848 2410 891 2444 et
919 2395 1102 2459 expulsis
1121 2396 1341 2443 erroribus
1364 2394 1557 2442 absoluta
1575 2394 1630 2440 li·-

350 2469 506 2518 bertas.
536 2470 747 2532 Quaeris,
775 2486 885 2534 quae
909 2470 958 2516 stt
975 2468 1081 2516 ista?
1108 2484 1200 2516 non
1226 2469 1428 2516 homines
1450 2467 1627 2526 timere,
