1797 2956
333 199 420 245 144
583 185 971 244 LANNAEI
1022 187 1369 235 SENECAE

326 307 501 355 magnas
518 290 729 355 impensas
754 291 901 355 exigit.
926 294 1030 338 Non
1052 293 1113 339 est
1133 311 1279 340 meum
1298 295 1456 341 vitium
1478 298 1598 359 quod

325 366 557 413 iracundus
578 366 698 421 sum,
733 368 856 429 quod
886 367 1305 436 nondum‘constitui
1331 383 1498 417 certum
1525 388 1598 434 ge-

324 456 404 486 nus
423 439 536 486 vitae
556 439 869 485 :adolescentia
900 439 1004 485 haec
1030 439 1146 486 facit.
1176 441 1299 500 Quid
1322 458 1402 488 nos
1430 443 1598 506 decipi·-

322 513 448 561 mus?
470 529 562 559 non
577 512 638 559 est
656 513 917 560 extrinsecus
937 513 1097 559 malum
1125 514 1320 560 nostrum
1347 534 1358 561 :
1388 515 1499 562 intra
1518 534 1600 564 nos

320 586 404 643 est,
423 584 466 630 in
487 583 722 632 visceribus
741 584 839 648 ipsis
858 585 986 632 sedet.
1015 588 1067 632 Et
1087 585 1190 632 ideo
1210 587 1441 634 difficulter
1461 589 1513 635 ad
1533 589 1598 635 sa-

320 659 499 705 nitatem
531 658 838 720 pervenimus,
872 658 972 722 quia
1002 675 1084 706 nos
1113 671 1337 722 aegrotare
1374 661 1601 710 nescimus.

321 733 365 778 Si
387 732 528 780 curari
549 731 852 794 coeperimus,
877 733 1055 794 quando
1081 744 1148 778 tot
1178 733 1386 791 morbos,
1405 735 1547 782 tantas
1545 754 1597 783 ve

322 805 609 868 aegritudines
633 804 944 851 discutiemus?
974 806 1104 851 Nunc
1129 821 1243 853 vero
1268 822 1321 851 ne
1351 808 1600 869 quaerimus

319 879 497 941 quidem
517 878 740 926 medicum
759 895 768 923 :
792 877 867 941 qui
887 878 1030 924 minus
1054 878 1222 941 negotii
1252 879 1452 936 haberet,
1471 882 1501 927 si
1520 883 1598 928 ad—

321 952 543 999 hiberetur
562 951 615 997 ad
634 966 785 997 recens
813 948 987 1010 vitium.
1007 950 1286 1014 sequerentur
1301 952 1439 998 teneri
1458 966 1500 999 et
1522 971 1600 999 ru-

320 1026 396 1072 des
426 1023 581 1083 animi,
606 1025 722 1071 recia
747 1022 1075 1070 monstrantem.
1112 1040 1246 1069 nemo
1278 1024 1509 1073 difficulter
1541 1029 1597 1075 ad

320 1110 515 1144 naturam
544 1096 789 1152 reducitur,
826 1095 903 1141 nifi
933 1096 1009 1158 qui
1034 1095 1088 1141 ab
1115 1096 1186 1141 illa
1215 1096 1389 1159 defecit.
1421 1099 1600 1146 Erubes-

321 1172 461 1218 cimus
491 1170 653 1217 discere
689 1170 852 1215 bonam
884 1182 1094 1216 mentem.
1123 1184 1164 1216 at
1195 1171 1489 1226 mehercules,
1509 1185 1600 1219 tur-

318 1261 375 1306 pe
409 1242 470 1290 est
502 1242 756 1305 magistrum
787 1241 913 1288 huius
944 1242 1009 1288 rei
1038 1259 1259 1305 quaerere.
1304 1245 1413 1290 Illud
1445 1246 1597 1307 despe-

318 1317 505 1365 randum
530 1315 590 1363 est
605 1351 619 1373 ,
639 1314 759 1380 poffe
785 1315 914 1360 nobis
944 1315 1042 1361 casu
1063 1327 1228 1361 tantum
1257 1316 1424 1362 bonum
1444 1318 1595 1365 influe-

319 1409 367 1438 re
387 1411 397 1438 :
419 1390 708 1438 laborandum
737 1389 797 1436 est
820 1407 829 1433 ε
860 1402 902 1435 et
917 1426 931 1446 ‚
957 1402 1004 1435 ut
1027 1406 1184 1436 verum
1207 1388 1375 1440 dicam,
1402 1406 1455 1436 ne
1473 1391 1597 1437 labor

319 1464 497 1528 quidem
514 1479 694 1526 magnus
720 1462 781 1509 est
800 1482 810 1509 z
833 1463 862 1509 si
889 1463 1050 1521 modo,
1071 1476 1117 1510 ut
1138 1462 1258 1520 dixi,
1281 1476 1380 1510 ante
1399 1464 1593 1510 animum

321 1537 517 1585 nostrum
550 1537 742 1583 formare
775 1536 1034 1599 incipimus,
1063 1549 1106 1583 et
1137 1536 1406 1600 recorrigere
1425 1572 1438 1594 ,
1463 1552 1595 1600 quant

321 1611 564 1660 indurescat
582 1610 773 1674 pravitas
800 1612 907 1657 eius.
946 1612 1030 1658 Sed
1060 1629 1140 1658 nec
1168 1611 1367 1659 indurata
1398 1613 1597 1674 despero.

322 1686 444 1733 Nihil
467 1685 525 1733 est
553 1685 675 1748 quod
708 1702 798 1730 non
817 1698 1035 1747 expugnet
1053 1686 1247 1747 pertinax
1274 1704 1438 1748 opera,
1465 1703 1508 1733 et
1526 1688 1596 1733 in-

320 1776 435 1809 tenta
463 1779 510 1810 ac
536 1761 718 1824 diligens
745 1777 863 1807 cura.
894 1757 1077 1805 Robora
1108 1759 1153 1805 in
1178 1759 1367 1813 testum,
1394 1761 1596 1821 quamvis

321 1835 461 1890 flexa,
490 1833 750 1882 revocabis:
775 1844 977 1879 curvatas
1002 1832 1141 1878 trabes
1162 1832 1281 1878 calor
1306 1831 1522 1893 explicat3
1555 1845 1597 1878 et

323 1907 443 1953 aliter
472 1917 622 1961 natae,
650 1904 695 1950 in
724 1903 770 1950 id
799 1903 1048 1966 finguntur,
1077 1904 1198 1966 quod
1225 1902 1325 1949 usus
1344 1902 1489 1950 noster
1517 1921 1594 1949 ex-

322 1978 425 2039 igit:
453 1990 619 2040 quanto
644 1974 812 2022 facilius
838 1975 1007 2021 animus
1036 1973 1195 2037 accipit
1227 1973 1445 2031 formam,
1471 1973 1595 2021 flexi—

322 2051 419 2097 hilis
439 2082 453 2104 ‚
485 2062 528 2097 et
564 2049 688 2096 omni
721 2050 910 2095 humore
947 2045 1299 2109 obsequentior?
1335 2046 1443 2109 quid
1480 2048 1594 2094 enim

322 2125 435 2173 aliud
464 2123 525 2170 est
545 2123 713 2170 animus
726 2159 740 2181 ,
759 2138 893 2185 quam
913 2120 1248 2184 quodammodo
1267 2118 1310 2167 se
1332 2120 1492 2166 habens
1511 2120 1596 2182 spi-

321 2198 465 2245 ritus?
502 2198 628 2245 vides
661 2210 807 2245 autem
839 2207 961 2243 tanto
997 2194 1194 2258 spiritum
1229 2195 1314 2243 esse
1351 2194 1595 2241 faciliorem

322 2272 445 2318 omni
479 2262 559 2318 alia
591 2272 797 2330 materia,
832 2281 996 2333 quanto
1026 2269 1202 2315 tenuior
1237 2268 1311 2317 est.
1365 2268 1501 2325 Illud,
1533 2267 1596 2314 mi

323 2345 462 2392 Lucili
483 2377 496 2399 ‚
530 2360 619 2390 non
649 2344 709 2390 est
743 2344 866 2406 quod
897 2355 939 2388 te
973 2341 1210 2402 impediat,
1242 2359 1333 2405 quo
1362 2342 1505 2389 minus
1541 2341 1594 2388 de

325 2416 451 2461 hobis
477 2416 585 2462 bene
612 2416 767 2477 speres,
789 2415 910 2477 quod
934 2414 1093 2459 malitia
1113 2414 1198 2459 iam
1220 2431 1301 2460 nos
1319 2428 1449 2467 tenet,
1471 2415 1595 2475 quod

323 2489 400 2534 eliu
431 2489 474 2533 in
499 2487 757 2550 possessione
786 2487 921 2532 nostri
947 2486 1020 2533 est.
1055 2486 1128 2531 Ad
1153 2485 1371 2534 neminem
1394 2503 1489 2531 ant-3
1509 2486 1599 2530 ‘uo-³
