1807 3004
514 179 1181 251 ΕΡΙΒΤΟΙΑΑΕ..
1353 180 1440 243 189

165 303 233 334 tus
261 285 321 333 est
351 285 506 332 deinde
527 285 636 331 liber
666 286 724 344 Q.
744 283 876 331 Sextii
906 282 1061 346 patris,
1090 284 1260 347 magni,
1284 284 1313 330 fi
1336 287 1443 349 quid

168 360 276 406 mihi
304 359 464 414 credis,
486 358 599 415 viri,
630 369 672 404 et
694 359 794 405 licet
823 372 1003 421 negent,
1032 357 1183 403 Stoici.
1213 359 1445 417 Quantum

168 433 213 478 in
244 433 347 489 illo,
380 431 439 478 dii
463 431 599 490 boni,
630 430 798 493 vigoris
823 430 909 484 est,
943 445 1149 493 quantum
1178 428 1335 476 animi'!
1358 432 1446 478 hoe

169 524 260 553 non
287 507 332 552 in
360 505 564 552 omnibus
594 504 868 566 philosophis
898 504 1108 551 invenies.
1150 505 1443 564 Quorundam

167 568 321 640 scripta
354 578 515 624 clarum
550 578 709 623 habent
745 590 914 624 tantum
950 594 1112 624 nomen
1141 594 1152 621 :
1185 590 1330 624 cetera
1364 595 1444 625 ex-

173 652 343 715 sanguia
364 652 471 699 sunt.
499 651 729 697 instituunt
745 687 756 707 ,
779 651 996 711 disputant
1012 689 1021 701 ,
1044 651 1300 697 cavillantur
1320 669 1331 697 :
1355 668 1449 698 non

170 725 338 772 faciunt
363 726 556 771 animum
578 759 590 780 ‚
614 724 717 787 quia
738 740 828 769 non
850 724 1021 771 habent.
1044 725 1157 770 Cum
1177 725 1328 787 legeris
1345 726 1451 771 Sex-

172 798 310 856 tium,
343 797 460 854 dices
488 814 498 842 :
532 797 679 851 Vivit,
710 797 856 857 viget,
887 795 995 842 liber
1024 795 1117 854 est,
1147 797 1274 859 supra
1302 798 1453 844 homi-

172 888 272 917 nem
309 870 393 925 est,
427 869 607 916 dimittit
641 886 710 917 me
742 869 917 931 plenum
953 868 1137 932 ingentis
1173 868 1373 917 fiduciae.
1406 873 1456 917 In

175 961 439 1007 quacunque
472 942 688 1005 positione
719 944 874 990 mentis
901 944 974 988 sirn
999 979 1012 1001 ‚
1050 961 1152 990 cum
1184 943 1284 1006 lego
1312 944 1458 1000 hunc,

179 1014 391 1079 (fatebor
426 1016 540 1076 tibi)
569 1016 673 1061 libet
706 1032 859 1061 omnes
893 1015 1011 1060 casus
1046 1030 1326 1076 provocare,
1353 1014 1458 1060 libet

177 1090 420 1136 exclamare
447 1106 456 1134 ε
479 1089 601 1148 Quid
628 1088 758 1134 cessas
784 1086 998 1134 fortuna?
1029 1088 1312 1150 congredere.
1337 1105 1460 1150 para-

179 1177 270 1208 tum
304 1161 442 1208 vides.
477 1162 589 1208 Illius
618 1163 812 1208 animum
841 1161 1010 1219 induo,
1035 1161 1111 1225 qui
1132 1163 1301 1224 quaerit
1325 1163 1402 1209 ubi
1421 1163 1461 1209 se

181 1236 456 1299 experiatur,
493 1235 570 1282 ubi
597 1236 802 1283 virtutem
828 1235 946 1282 suam
976 1235 1203 1294 ostendat,

247 1348 595 1406 Spumantemque
617 1347 708 1390 dari
723 1364 874 1406 pecora
901 1347 1012 1390 inter
1036 1347 1184 1391 inertia
1210 1346 1321 1391 votis

254 1419 388 1477 Optat
407 1437 552 1479 aprum
567 1453 581 1473 ,
610 1435 684 1463 aut
703 1418 873 1477 fich-um
899 1419 1124 1478 deflendere
1142 1434 1278 1464 monte
1294 1421 1465 1465 leonem.

185 1525 308 1571 Libet
334 1524 497 1588 aliquid
520 1523 680 1572 habere
712 1526 837 1589 quod
869 1526 1076 1583 vincam,
1109 1525 1231 1573 cuius
1261 1525 1466 1588 patientia

186 1614 404 1644 exercear.
424 1599 538 1644 Nam
563 1599 649 1646 hoc
671 1614 850 1662 quoque
876 1598 1101 1662 egregium
1125 1599 1298 1646 Sextius
1315 1598 1468 1656 habet,

185 1671 310 1734 quod
328 1683 371 1717 et
394 1671 592 1719 ostendet
613 1671 692 1717 tibi
715 1672 862 1718 beatae
887 1671 1003 1719 vitae
1029 1671 1398 1735 magnitudinem,
1425 1683 1471 1717 et

187 1744 533 1806 desperationem
560 1743 652 1790 eius
671 1759 762 1789 non
780 1741 924 1790 faciet.
954 1743 1071 1791 Scies
1091 1744 1208 1790 illam
1234 1744 1317 1791 effe
1334 1745 1380 1791 in
1401 1762 1473 1792 ex-

189 1817 331 1874 celso,
361 1816 432 1863 sed
462 1816 632 1863 volenti
661 1816 987 1879 penetrabilem.
1013 1816 1102 1864 hoc
1126 1816 1305 1880 quidem
1329 1818 1470 1865 virtus

189 1889 269 1937 tibi
288 1889 377 1951 ipsa
397 1889 653 1951 praestabit,
671 1901 719 1935 ut
736 1887 854 1933 illam
873 1887 1121 1944 admireris,
1155 1900 1197 1934 et
1216 1900 1362 1936 tamen
1380 1889 1475 1952 spe·

191 1980 272 2010 res.
306 1963 418 2009 Mihi
442 1976 558 2009 certe
587 1961 802 2024 temporis
828 1962 1014 2008 multum
1039 1959 1208 2008 auferre
1233 1962 1342 2009 solet
1366 1979 1475 2010 con-

192 2034 421 2097 templatio
456 2033 546 2096 ipsa
580 2033 826 2097 sapientiae.
861 2049 955 2079 non
985 2033 1109 2080 aliter
1143 2034 1262 2080 illam
1299 2034 1474 2081 intueor

193 2107 540 2170 obstupefafius,
559 2125 690 2170 quam
713 2107 852 2169 ipsum
880 2106 1057 2157 interim
1081 2109 1292 2154 mundum
1307 2143 1320 2166 ,
1344 2125 1476 2171 quem

196 2181 321 2244 saepe
350 2189 555 2244 tanquam
583 2181 794 2243 spe&at0r
820 2196 967 2228 novus
993 2180 1142 2229 video.
1171 2185 1374 2229 Veneror
1397 2183 1477 2228 ita-

195 2272 282 2318 que
312 2255 489 2302 inventa
514 2256 777 2318 sapientiae,
807 2254 1153 2319 inventoresque
1184 2274 1194 2302 2
1229 2250 1349 2303 adire
1369 2253 1477 2303 'tan-

196 2345 327 2392 quam
354 2329 595 2375 multorum
621 2317 904 2376 hereditatem
930 2329 1067 2377 iuvat.
1094 2328 1206 2385 Mihi
1233 2328 1308 2376 ista
1332 2329 1481 2394 acqui-

197 2402 293 2459 sita,
316 2402 422 2447 mihi
439 2402 634 2458 laborata
659 2403 767 2450 sunt.
796 2403 878 2449 Sed
906 2420 1082 2465 agamus
1101 2403 1268 2450 bonum
1286 2415 1480 2468 patrem-

197 2473 382 2524 familiae
402 2493 414 2524 :
440 2474 652 2525 faciamus
675 2477 890 2541 ampliora
914 2493 1025 2541 quae
1049 2477 1312 2543 accepimus.
1335 2477 1481 2526 maior
