1797 2956
278 199 372 230 200
536 184 585 229 L.
631 183 925 228 ANNAEl
975 183 1332 231 SENECAE

275 289 434 351 quibus
464 289 534 336 illa
565 291 805 351 contigere.
851 291 1052 336 Satorum
1081 308 1190 338 vero
1219 292 1555 356 animaliumque

274 364 489 421 virtutes,
517 381 617 411 cum
650 364 855 410 mortales
883 364 992 420 fint,
1021 364 1213 428 fragiles,
1242 367 1518 430 caducaeque
1538 402 1554 424 ,

273 447 319 484 et
347 438 565 494 incertae,
592 436 796 483 exsiliunt
825 437 1128 501 residuntque:
1151 453 1192 484 et
1218 440 1321 486 ideo
1352 456 1444 485 non
1475 456 1556 486 eo-

276 509 376 555 dem
401 510 542 571 pretio
559 509 846 557 aestimantur.
874 513 973 557 Una
1000 510 1222 560 inducitur
1245 513 1445 559 humanis
1465 512 1556 560 vir-

276 583 438 628 tutibus
459 583 602 645 regula
624 600 634 628 z
658 600 741 629 una
762 584 879 630 enim
899 582 960 630 est
979 585 1091 630 ratio
1119 585 1232 631 recta
1247 621 1261 642 ,
1281 585 1558 648 (implexque.

280 655 405 701 Nihil
431 656 491 702 est
523 657 678 704 divino
698 658 919 715 divinius,
953 657 1130 704 coelesti
1155 658 1392 705 coelestius.
1425 661 1557 704 Mor-

278 731 379 776 talia
406 730 624 786 eminent,
644 732 802 778 cadunt
816 766 830 786 ,
851 733 1132 789 deteruntur,
1155 732 1375 788 crescunt,
1395 733 1557 778 exhau-

279 803 471 859 riuntur,
498 803 733 865 implentur
754 822 764 849 ε
788 803 934 866 itaque
956 803 1037 850 illis
1063 804 1108 850 in
1136 819 1224 850 tarn
1252 804 1414 850 incerta
1445 805 1558 850 sorte

278 874 558 938 inaequalitas
590 875 683 922 est:
714 875 968 922 divinorum
1002 893 1087 921 una
1118 887 1269 922 natura
1305 876 1379 922 est.
1430 877 1559 922 Ratio

279 961 425 993 autem
445 947 549 993 nihil
572 948 686 994 aliud
704 947 786 1005 est,
807 964 936 1010 quam
957 946 1003 993 in
1022 964 1183 1010 corpus
1205 948 1441 994 humanum
1462 964 1560 1011 pars

281 1022 425 1068 divini
446 1021 617 1084 spiritus
646 1022 796 1068 mersa.
824 1022 866 1067 Si
886 1022 997 1067 ratio
1021 1021 1172 1084 divina
1198 1021 1279 1080 est,
1299 1022 1466 1068 nullum
1485 1038 1562 1067 au-

282 1109 372 1142 tem
403 1096 568 1142 bonurn
600 1095 685 1142 fine
708 1096 878 1143 ratione
899 1096 984 1153 est,
1004 1096 1169 1142 bonum
1196 1113 1331 1143 omne
1360 1095 1561 1143 divinum

284 1168 374 1214 est:
407 1169 571 1214 nullum
601 1186 738 1231 porro
769 1170 881 1216 inter
910 1170 1057 1217 divina
1083 1170 1311 1217 discrimen
1338 1169 1427 1227 est,
1455 1184 1559 1230 ergo

286 1257 367 1288 nec
391 1241 499 1287 inter
529 1242 658 1287 bona.
696 1243 817 1288 Paria
841 1243 989 1305 itaque
1021 1241 1113 1288 sunt
1145 1242 1372 1306 gaudium,
1399 1254 1441 1288 et
1469 1239 1557 1286 for·

284 1312 339 1361 tis
366 1325 493 1375 atque
513 1313 1082 1375 obstinata-tormentorum
1115 1314 1345 1377 perpeffio.
1370 1314 1413 1360 in
1439 1326 1558 1359 utro-

285 1402 372 1448 que
404 1387 520 1431 enim
553 1378 707 1432 eadem
736 1385 796 1433 est
820 1387 955 1432 animi
983 1387 1274 1449 magnitudo:
1304 1385 1376 1434 sed
1395 1384 1439 1431 in
1463 1385 1557 1432 alte·

284 1473 339 1503 ro
370 1458 567 1515 remiffa,
598 1471 640 1506 et
671 1459 797 1513 laxa,
826 1459 871 1505 in
903 1459 1042 1505 altero
1079 1476 1277 1522 pugnax,
1309 1473 1353 1505 et
1387 1458 1556 1504 intenta.

285 1530 443 1589 Quid?
475 1546 519 1576 tu
552 1549 639 1577 non
668 1546 820 1594 putas,
846 1550 993 1615 parem
1023 1533 1109 1579 effe
1138 1533 1342 1580 virtutem
1374 1532 1464 1578 eius
1489 1548 1555 1594 qul

287 1602 463 1650 fortiter
486 1606 678 1651 hostium
713 1606 886 1652 moenia
909 1622 1163 1669 expugnat,
1191 1619 1233 1653 et
1258 1608 1350 1653 eius
1379 1606 1455 1669 qui
1480 1606 1556 1652 ok-

278 1675 499 1723 sidionem
528 1678 836 1739 patientissime
866 1679 1069 1726 sustinet?
1103 1684 1156 1725 Et
1182 1696 1363 1759 magnus
1383 1679 1524 1741 Scipic
1541 1709 1558 1733 ,

289 1749 366 1810 qui
396 1751 679 1797 Numantiam
702 1753 862 1800 claudit
888 1766 930 1798 et
959 1752 1244 1813 comprimit,
1273 1754 1477 1818 cogitque
1495 1751 1557 1796 in-

284 1822 419 1868 vittas
446 1839 597 1868 manus
625 1823 670 1868 in
697 1823 879 1870 exitium
910 1823 1018 1886 ipsas
1051 1823 1111 1870 sui
1139 1823 1284 1873 verti:
1310 1838 1354 1872 et
1385 1835 1556 1886 magnus

283 1892 353 1939 ille
384 1894 652 1941 obsefforum
686 1896 878 1953 animuS,
898 1896 973 1959 qui
994 1896 1072 1943 scit
1094 1896 1202 1943 nihil
1226 1896 1312 1943 effe
1344 1896 1525 1943 claustm
1541 1928 1558 1952 ,

286 1966 355 2010 cui
386 1984 506 2013 mors
538 1980 685 2029 aperta
715 1967 806 2025 est,
836 1983 879 2015 et
909 1968 952 2014 in
981 1970 1219 2032 complexu
1255 1968 1461 2016 libertatis
1477 1982 1558 2012 ex-

285 2038 430 2101 spirat.
483 2047 631 2103 Aeque
660 2042 824 2103 reli-qua
854 2058 1033 2104 quoque
1066 2042 1178 2089 inter
1213 2042 1255 2088 se
1287 2042 1405 2104 paria
1442 2038 1558 2097 sunt,

281 2110 593 2171 tranquillitas,
619 2112 884 2174 fimplicitas,
912 2113 1170 2172 liberalitas,
1195 2114 1451 2168 constantia,
1482 2126 1561 2158 ae·-

283 2182 564 2243 cguanirnitas,
597 2184 824 2231 tolerantia
845 2202 856 2230 ε
881 2186 1088 2233 omnibus
1119 2187 1234 2233 enim
1258 2187 1346 2234 istis
1366 2202 1443 2233 una
1464 2184 1560 2231 vir-

280 2269 352 2300 tus
381 2256 545 2311 subest,
583 2274 692 2320 quae
722 2258 918 2305 animum
953 2259 1119 2306 reclum
1149 2271 1192 2305 et
1218 2257 1559 2307 indeclinabilem

281 2327 479 2388 praestat.
514 2330 639 2390 Quid
666 2331 809 2393 ergo?
846 2331 949 2376 nihil
980 2331 1154 2378 interest
1179 2331 1292 2377 inter
1327 2332 1558 2395 gaudium,

282 2410 325 2444 et
360 2399 563 2447 dolorum
599 2402 884 2450 inflexibilem
920 2403 1214 2467 patientiam?
1250 2405 1389 2463 nihil,
1421 2420 1559 2467 quan-

285 2488 376 2523 tum
397 2476 449 2523 ad
476 2478 586 2541 ipsas
613 2477 794 2526 virtutes
815 2498 826 2525 :
850 2478 1088 2544 plurimum
1104 2515 1118 2540 ,
1143 2495 1356 2547 quantum
1386 2478 1441 2528 ad
1461 2476 1557 2539 illa,
