1807 3004
397 185 1018 232 *EPISTOLAE
1289 184 1377 247 365

113 308 205 341 tum
231 308 273 341 et
290 292 450 358 agreste
474 293 734 351 succrescat,
754 292 876 355 quod
899 304 1025 338 necet
1052 290 1253 353 segetem.
1282 291 1385 338 Hoc

113 383 292 430 quoque
305 383 416 429 opus
438 365 498 412 ait
513 367 599 414 effe
626 366 907 430 sapientium:
930 379 1133 429 tanquam
1160 381 1252 410 non
1271 382 1389 413 nunc

114 457 294 503 quoque
324 440 509 502 plurima
539 440 729 488 cultores
747 455 952 503 agrorum
983 454 1103 486 nova
1130 438 1356 485 inveniant
1375 474 1391 496 ,

114 528 194 575 per
211 529 321 575 quae
346 511 541 559 fertilitas
559 525 785 574 augeatun
802 511 979 559 Deinde
999 527 1091 557 non
1115 509 1174 557 est
1202 525 1391 558 conten-

116 599 184 629 tus
209 583 273 629 his
297 583 457 630 artibus
473 616 486 638 ‚
516 583 588 630 sed
616 585 661 629 in
686 583 913 645 pistrinum
942 583 1176 645 sapientem
1211 581 1391 629 submit-

115 656 182 701 tit.
215 655 375 702 Narrat
408 657 522 703 enim
539 691 553 714 ,
579 656 954 719 quemadmodum
973 691 985 713 ‚
1015 672 1165 702 rerum
1193 667 1391 700 naturam

117 728 331 786 imitatus,
360 745 516 791 panem
541 729 688 791 coepit
715 726 870 775 facere.
898 728 1138 791 Receptus,
1157 727 1327 790 inquit,
1346 727 1395 773 in

115 817 166 847 os
190 801 360 865 fruges,
380 819 647 850 concurrens
672 801 785 847 inter
805 801 846 848 se
876 801 1034 847 duritia
1058 801 1254 848 dentium
1275 799 1396 847 fran-

117 874 205 937 git,
238 887 281 921 et
319 874 535 938 quidquid
563 874 751 932 excidit,
779 874 832 920 ad
862 874 1038 930 eosdem
1068 875 1218 920 dentes
1247 872 1395 935 lingua

116 946 327 994 refertur:
347 963 449 995 tunc
471 964 580 994 vero
609 948 767 995 salivae
795 946 1019 1000 miscetur,
1051 959 1099 993 ut
1126 944 1294 993 facilius
1316 962 1395 1007 per

118 1019 262 1067 fauces
293 1020 479 1066 lubricas
501 1019 697 1066 transeat.
727 1019 843 1065 Cum
870 1018 1071 1080 pervenit
1098 1019 1142 1062 in
1170 1030 1396 1075 ventrem,

119 1093 348 1156 aqualiculi
376 1091 555 1140 fervore
586 1091 909 1153 concoquitur,
941 1105 1045 1139 tunc
1073 1092 1253 1137 demum
1290 1108 1398 1138 cor-

118 1165 218 1227 pori
237 1165 418 1212 accedit.
449 1167 550 1212 Hoc
571 1165 725 1228 aliquis
748 1164 915 1211 secutus
940 1165 1186 1227 exemplar,
1205 1165 1396 1226 lapidem

117 1239 315 1301 asperum
335 1240 488 1301 aspero
509 1237 737 1301 imposuit,
755 1238 808 1284 ad
834 1237 1157 1285 similitudinem
1175 1238 1369 1284 dentium
1382 1275 1400 1296 ‚

118 1329 311 1376 quorum
345 1329 442 1375 pars
469 1311 708 1360 immobilis
742 1326 912 1357 motum
942 1313 1113 1359 alterius
1143 1312 1366 1375 exspefilat
1385 1331 1400 1359 z

121 1386 280 1433 deinde
303 1385 525 1448 utriusque
544 1384 693 1431 attritu
712 1400 842 1447 grana
866 1384 1127 1448 franguntur
1142 1421 1156 1443 ,
1173 1400 1216 1431 et
1235 1385 1401 1448 saepius

122 1470 403 1521 regeruntur,
428 1457 573 1503 donec
599 1456 653 1502 ad
676 1457 902 1503 minutiam
934 1457 1186 1520 frequenter
1210 1458 1308 1504 trita
1326 1475 1400 1505 re·-

122 1532 337 1594 digantur.
350 1531 481 1576 Tunc
498 1529 678 1574 farinam
695 1545 804 1591 aqua
817 1529 963 1592 sparfit
975 1565 988 1586 ,
1007 1542 1049 1575 et
1070 1529 1229 1576 affidua
1244 1531 1402 1576 tracta-

122 1604 242 1649 tione
272 1602 542 1665 perdomuit,
565 1600 776 1663 finxitque
803 1618 988 1664 panem:
1009 1619 1142 1665 quem
1172 1602 1320 1663 primo
1340 1602 1401 1648 ci-

124 1676 188 1721 nis
206 1675 368 1722 calidus
387 1709 400 1732 ,
423 1688 465 1720 et
498 1672 674 1722 fervens
703 1673 808 1720 testa
836 1674 1071 1737 percoxit:
1103 1675 1260 1721 deinde
1284 1674 1401 1722 furni

122 1747 328 1812 paulatim
351 1746 529 1810 reperti,
553 1757 597 1792 et
617 1745 700 1792 alia
719 1762 873 1809 genera
890 1784 902 1805 ,
928 1763 1117 1810 quorum
1141 1746 1296 1794 fervor
1315 1748 1402 1795 ser-

122 1821 238 1869 viret
268 1820 462 1867 arbitrio.
495 1820 602 1866 Non
631 1818 814 1865 multum
845 1819 1017 1875 abfuit,
1049 1820 1156 1882 quin
1188 1819 1401 1868 sutrinum

123 1909 306 1956 quoque
332 1892 559 1939 inventum
588 1908 611 1937 a
636 1890 901 1953 sapientibus
932 1892 1108 1957 diceret.
1128 1894 1293 1940 Omnia
1324 1893 1402 1940 ista

124 1966 237 2012 ratio
254 1965 430 2029 quidem
445 2000 458 2020 ,
475 1965 547 2011 sed
567 1980 655 2010 non
673 1964 786 2009 recta
810 1965 922 2011 ratio
946 1979 1196 2013 commenta
1215 1965 1289 2012 est.
1307 1966 1404 2012 Ho-

127 2038 256 2085 minis
289 2038 433 2093 enim,
460 2054 552 2084 non
581 2037 784 2100 sapientis
816 2038 996 2086 inventa
1025 2039 1121 2085 sunt
1144 2051 1265 2085 :tam
1304 2056 1404 2086 me·-

126 2110 321 2158 hercules
354 2127 486 2174 quam
515 2110 721 2173 navigia,
759 2110 915 2172 quibus
947 2126 1127 2168 amnes,
1160 2110 1406 2173 quibusque

129 2183 265 2228 maria
291 2182 539 2238 transimus,
565 2181 718 2245 aptatis
747 2182 801 2235 ad
830 2181 1139 2244 excipiendum
1165 2195 1405 2231 ventorum

129 2257 342 2319 impetum
364 2257 499 2315 velis,
520 2273 563 2304 et
587 2256 743 2304 additis
765 2273 788 2302 a
806 2268 931 2320 tergo
948 2257 1268 2319 gubernaculis,
1292 2274 1406 2320 quae

131 2331 220 2378 huc
243 2342 370 2394 atque
395 2330 497 2377 illuc
522 2330 695 2377 cursum
722 2331 882 2393 navigii
907 2344 1141 2394 torqueant
1162 2343 1236 2378 :et
1253 2348 1406 2379 exem-

129 2402 251 2464 plum
273 2420 297 2448 a
316 2401 504 2466 piscibus
525 2403 706 2449 tracium
732 2402 792 2448 est
809 2438 823 2459 ,
849 2402 925 2465 qui
951 2403 1087 2448 cauda
1108 2416 1345 2466 reguntur,
1364 2414 1410 2449 et

131 2474 220 2525 levi
248 2475 339 2522 eius
370 2475 418 2521 in
446 2486 682 2537 utrumque
710 2488 944 2522 momento
973 2475 1254 2524 velocitatem
1288 2474 1409 2523 suam
