1807 3004
318 202 378 265 38
544 204 591 249 L.
641 204 951 251 ANNAEI
1004 206 1373 253 SENECAE

318 310 542 367 nuntient,
571 311 740 358 animus
766 312 840 358 sibi
868 312 993 359 falsas
1012 313 1217 377 imagines
1243 313 1392 379 fingit,
1411 328 1484 363 aut
1501 334 1602 366 ver-

320 383 424 430 bum
455 384 633 448 aliquod
663 385 817 430 dubiae
851 385 1174 450 significationis
1203 389 1434 451 detorquet
1452 389 1495 434 in
1519 407 1601 451 pe·

317 457 407 517 ius,
432 473 515 505 aut
552 459 763 504 maiorem
800 460 877 506 sibi
913 460 1121 506 offensam
1153 463 1365 524 proponit
1399 463 1602 519 alicuius,

320 552 449 598 quam
470 533 557 591 est,
581 545 623 580 et
652 533 817 596 cogitat
848 550 937 579 non
958 550 1167 596 quantum
1192 535 1322 582 iratus
1340 535 1409 582 ille
1434 536 1504 591 sit,
1531 536 1604 583 sed

317 621 535 673 quantum
567 607 693 653 liceat
714 608 840 653 irate.
881 608 1010 653 Nulla
1037 623 1181 655 autem
1213 609 1338 656 causa
1368 610 1484 657 vitae
1510 610 1572 657 est
1590 644 1604 666 ‚

320 683 461 728 nullus
492 680 759 726 miseriarum
792 680 973 738 modus,
999 680 1028 725 si
1057 682 1238 727 timetur
1268 696 1477 744 quantum
1514 701 1599 745 po-

319 754 410 802 test.
435 755 520 799 Hic
546 752 776 814 prudentia
803 751 961 814 prosit,
986 753 1056 798 liic
1082 754 1245 804 robore
1270 755 1404 800 animi
1425 755 1605 802 eviden-

319 843 408 877 tem
439 842 618 891 quoque
651 839 814 870 metum
846 825 1027 887 respue:
1054 826 1084 872 fi
1109 827 1281 886 minus,
1303 829 1417 875 vitio
1448 829 1604 876 vitium

319 901 501 965 repelle,
530 899 603 962 spe
632 910 797 944 metum
830 911 1040 960 tempera,
1088 902 1208 947 Nihil
1239 914 1325 948 tam
1356 918 1521 949 certum
1547 903 1608 949 est

319 997 374 1027 ex
398 976 465 1022 his
484 990 596 1037 quae
622 972 858 1029 timentur,
887 986 934 1018 ut
967 989 1056 1018 non
1091 974 1250 1021 certius
1275 974 1345 1033 sit,
1376 988 1418 1021 et
1447 976 1607 1022 formi-

322 1054 420 1100 data
448 1047 661 1096 subsidere
677 1082 689 1103 ,
712 1056 753 1091 et
773 1045 936 1106 sperata
965 1046 1183 1109 decipere.
1210 1051 1330 1111 Ergo
1356 1062 1399 1095 et
1422 1049 1538 1111 spem
1560 1066 1610 1097 ac

322 1137 489 1175 metum
520 1121 721 1168 examina
748 1139 758 1166 :
802 1133 843 1166 et
875 1122 1043 1184 quoties
1076 1123 1240 1170 incerta
1271 1137 1394 1171 erunt
1424 1125 1574 1171 omnia
1595 1149 1610 1171 φ

323 1199 404 1248 tibi
427 1197 557 1250 fave3
588 1194 715 1239 crede
743 1194 865 1256 quod
899 1193 1052 1241 mavis.
1083 1196 1114 1240 si
1141 1197 1284 1257 plures
1310 1197 1486 1243 babebis
1517 1198 1612 1243 sen-

323 1272 477 1320 tentias
495 1282 635 1315 metus
652 1288 662 1320 ·‚
682 1267 967 1314 nibilominus
991 1269 1036 1314 in
1056 1270 1168 1316 hanc
1192 1283 1357 1332 partem
1378 1271 1521 1331 potius
1543 1270 1609 1316 in-

326 1346 467 1399 clina,
501 1356 543 1390 et
580 1341 834 1404 perturbare
869 1354 913 1388 te
947 1341 1104 1389 desine.
1138 1343 1203 1389 Ac
1236 1343 1418 1389 subinde
1452 1344 1537 1389 hoc
1566 1343 1611 1389 in

326 1420 477 1468 animo
503 1416 664 1473 volve,
689 1416 903 1461 maiorem
933 1427 1102 1478 partem
1131 1417 1410 1473 mortalium,
1435 1433 1532 1463 cum
1552 1415 1612 1463 illi

325 1511 407 1542 nec
437 1492 486 1538 sit
515 1490 757 1555 quidquam
785 1489 886 1535 mali
906 1524 918 1545 ‚
943 1505 1023 1535 nec
1055 1507 1138 1552 pro
1162 1501 1285 1536 certo
1316 1490 1513 1538 futurum
1535 1488 1611 1547 fit,

327 1567 516 1614 aestuare
545 1580 595 1610 ac
617 1563 872 1609 discurrere.
894 1564 1042 1608 Nemo
1067 1563 1181 1609 enim
1202 1563 1354 1609 resistit
1377 1563 1478 1621 fibi,
1511 1580 1610 1609 cum

328 1639 527 1705 coeperit
554 1636 748 1700 impelli,
776 1653 857 1682 nec
883 1636 1087 1682 timorem
1115 1634 1235 1682 suum
1266 1636 1424 1699 redigit
1450 1636 1504 1681 ad
1532 1653 1614 1683 ve·-

328 1730 441 1760 rum.
487 1712 636 1758 Nemo
671 1709 808 1764 dicit,
842 1711 989 1755 Vanus
1019 1710 1171 1756 aueior
1203 1708 1292 1764 cst,
1331 1725 1468 1756 vanus
1495 1725 1506 1752 ι
1543 1723 1614 1756 aut

328 1787 486 1845 finxit,
520 1798 594 1834 aut
629 1785 826 1833 credidit.
864 1786 1034 1832 Damus
1066 1801 1145 1831 nos
1184 1784 1501 1839 referentibus,
1539 1802 1612 1830 ex-

326 1860 600 1926 pavescimus
625 1859 759 1906 dubia
779 1874 862 1922 pro
893 1857 1042 1915 certis,
1074 1874 1162 1905 non
1188 1857 1408 1905 servamus
1427 1858 1611 1903 modum

325 1952 500 1993 rerum,
534 1933 675 1980 statim
708 1931 754 1978 in
791 1931 1001 1978 timorem
1033 1931 1158 1978 venit
1190 1930 1430 1993 scrupulus.
1473 1931 1615 1977 Pudet

324 2025 396 2055 me
428 2006 485 2055 fic
514 2018 657 2052 tecum
688 2004 841 2067 loqui,
871 2015 913 2050 et
945 2014 1033 2049 tam
1062 2002 1234 2052 levibus
1255 2003 1461 2050 remediis
1484 2015 1526 2049 te
1545 2002 1616 2049 fo·-

326 2081 481 2128 cillare.
512 2079 631 2125 Alius
658 2078 775 2124 dicat
789 2113 802 2135 ‚
828 2077 1019 2124 Fortasse
1038 2078 1126 2127 hoc
1145 2093 1235 2122 non
1255 2076 1404 2124 veniet
1425 2094 1436 2122 :
1454 2088 1501 2122 tu
1520 2076 1614 2134 dic,

327 2152 449 2213 Quid
469 2167 607 2214 porro
627 2149 657 2196 fi
675 2149 856 2197 veniet?
876 2148 1126 2197 videbimus
1154 2161 1299 2195 utrum
1321 2149 1470 2197 veniet
1490 2167 1500 2194 ε
1522 2147 1617 2194 for-

324 2226 428 2274 taffe
452 2242 537 2289 pro
561 2241 632 2271 me
654 2224 835 2282 veniet,
866 2237 912 2271 et
937 2240 1057 2270 mors
1082 2223 1158 2269 ista
1187 2223 1326 2269 vitam
1353 2220 1614 2268 honestabit.

324 2301 484 2347 Cicuta
502 2300 708 2362 'magnum
739 2300 961 2346 Socratem
990 2296 1129 2344 fecit:
1152 2296 1317 2343 Catoni
1341 2295 1529 2359 gladium
1554 2295 1617 2341 as-

321 2374 530 2421 sertorem
569 2372 778 2420 libertatis
811 2384 1057 2435 extorque,
1092 2387 1296 2435 magnam
1331 2381 1501 2432 partem
1540 2368 1618 2414 de-

322 2446 505 2494 traxeris
535 2447 714 2509 gloriae.
745 2446 943 2493 Nimium
976 2445 1051 2491 diu
1084 2456 1126 2491 te
1152 2444 1397 2498 cohortor,
1429 2458 1532 2489 cum
1560 2440 1616 2486 ti-

323 2519 371 2566 bi
394 2518 696 2568 admonitione
718 2519 885 2583 magis‚
913 2535 1046 2583 quarn
1071 2515 1378 2566 exhortatione
1404 2530 1518 2578 opus
1538 2512 1604 2562 sit.
