1807 3004
490 193 1066 239 EPISTULA-e„
1325 206 1413 251 219

408 336 883 381 EPISTOLA
979 330 1150 377 LXX.

141 471 347 531 Pompeiis
370 470 417 529 fi
444 466 569 532 suiſjc}
594 502 610 524 ,
651 465 694 513 δ’
733 467 940 527 praeteriti
978 465 1167 525 temporis
1205 465 1420 509 admonitu

194 540 357 606 finfiffi
386 544 472 587 eius
484 543 656 602 sugam.
686 541 859 584 Mortem
889 540 1063 602 instare,
1098 554 1261 598 porcum
1284 556 1422 597 nempe

206 616 489 661 iacJationum.
519 632 642 675 neque
677 614 896 658 timendam
921 647 934 666 ‚
968 630 1092 671 neque
1122 613 1386 670 appetendam
1407 645 1421 665 ‚

205 705 280 734 aut
304 689 556 748 sumendam
591 705 605 732 :
638 688 717 731 niz
754 687 971 730 interdum.
1010 683 1051 729 G*
1085 685 1290 744 quaudo?
1329 701 1420 727 cum

203 764 312 807 ratio
331 796 345 818 ‚
381 779 467 805 nort
499 762 671 820 impetus
690 759 899 820 suadebit.
930 759 1082 803 Pluria
1116 756 1158 804 ξφ
1180 757 1422 817 perpulchra

202 837 249 880 in
286 836 393 880 hunc
414 835 595 894 sensum.

143 951 360 1067 POST
390 1017 570 1079 longum
605 1013 883 1062 intervallum
914 1012 1152 1075 Pompeios
1186 1024 1284 1059 tuos
1316 1011 1423 1059 vidi.

139 1090 187 1137 in
229 1091 509 1152 conspechlm
549 1087 865 1134 adolescentiae
909 1103 1031 1131 meae
1075 1086 1275 1133 reductus
1319 1084 1425 1130 sum.

140 1163 356 1227 quidquid
380 1162 470 1209 illic
500 1159 673 1208 iuvenis
702 1159 914 1214 feceram,
943 1159 1124 1205 videbar
1147 1158 1254 1204 mih}
1280 1158 1424 1204 facere

139 1239 282 1285 adhuc
310 1236 456 1301 posse,
491 1248 534 1283 et
560 1235 691 1298 paulo
713 1247 810 1280 ante
835 1233 993 1280 feciffe.
1023 1232 1389 1294 praenavigamus
1408 1268 1422 1284 ,

141 1311 204 1357 mi
235 1309 404 1363 Lucili,
436 1309 574 1357 vitam
612 1325 623 1354 :
650 1320 694 1355 et
726 1307 1103 1372 quemadmodum
1126 1306 1173 1352 in
1206 1306 1345 1364 mari,
1376 1308 1427 1351 ut

141 1383 202 1430 ait
230 1381 440 1446 Virgilius
471 1380 646 1440 noster,

330 1498 549 1558 Terraeque
575 1497 767 1557 urbesque
795 1498 979 1541 recedunt
994 1512 1011 1540 ι’

141 1608 200 1656 fic
223 1610 267 1655 in
289 1611 377 1657 hoc
393 1610 515 1657 cursu
544 1609 797 1672 rapidiffimi
826 1608 1065 1670 temporis,
1093 1607 1279 1671 primum
1312 1623 1423 1669 pue-

142 1683 285 1729 titiam
315 1683 648 1738 abscondimus,
683 1682 843 1729 deinde
873 1681 1236 1737 adolescentiam,
1267 1680 1425 1726 deinde

145 1755 364 1818 quidquid
389 1755 449 1801 est
475 1754 578 1800 illud
600 1754 714 1801 inter
730 1755 939 1801 iuvenem
962 1767 1005 1800 et
1028 1753 1174 1800 senem
1201 1751 1392 1798 medium
1409 1787 1423 1806 ‚

142 1826 188 1874 in
209 1828 430 1890 utriusque
452 1826 650 1874 confinio
678 1827 896 1889 positum,
927 1825 1081 1872 deinde
1112 1824 1243 1887 ipfius
1274 1822 1422 1869 senec-

142 1901 245 1947 tutis
273 1900 468 1963 optimos
493 1915 645 1946 annos.
672 1898 904 1946 noviffime
930 1898 1084 1960 incipit
1111 1895 1282 1943 ostendi
1306 1897 1424 1957 pub·

143 1971 249 2020 licus
269 1971 366 2018 finis
384 1971 553 2035 generis
572 1971 765 2018 humani.
785 1971 1023 2033 Scopulum
1046 1970 1130 2018 effe
1149 1969 1270 2016 illum
1297 1982 1424 2031 puta-

145 2060 268 2099 mus,
287 2042 623 2090 dementiffimi?
645 2055 800 2106 portus
821 2041 908 2101 est,
934 2043 1170 2106 aliquando
1186 2041 1423 2104 petendus,

147 2134 371 2181 nunquam
397 2116 673 2164 recusandus.
710 2120 758 2163 In
783 2133 913 2180 quem
937 2116 967 2161 fi
991 2115 1088 2179 quis
1113 2115 1223 2162 intra
1253 2113 1423 2176 primos

148 2206 293 2237 annos
326 2188 490 2235 delatus
520 2187 581 2234 est
602 2223 617 2246 ,
651 2205 743 2235 non
776 2187 910 2251 magis
939 2186 1061 2250 queri
1097 2187 1253 2242 debet,
1290 2199 1422 2247 quam

147 2261 228 2324 qui
249 2261 338 2308 cito
359 2260 593 2324 navigavit.
616 2261 760 2308 Alium
782 2261 921 2316 eni-m,
940 2272 987 2306 ut
1006 2259 1082 2306 scis
1098 2295 1111 2316 ‚
1136 2258 1258 2307 venti
1278 2257 1425 2319 segnes

145 2332 305 2379 ludunt
337 2349 388 2379 ac
413 2332 631 2390 detinent,
658 2346 702 2380 et
721 2329 1037 2395 tranquillitatis
1068 2329 1304 2376 lentissimo
1335 2341 1426 2373 tae-

148 2404 226 2451 dio
257 2404 405 2452 lassant
427 2421 438 2451 :
464 2405 594 2452 alium
617 2405 815 2467 pertinax
843 2403 969 2450 flatus
1000 2401 1225 2450 celerrime
1242 2400 1421 2463 peffert„

147 2479 271 2528 Idem
305 2480 484 2532 evenire
507 2480 635 2529 nobis
668 2492 786 2543 puta.
806 2479 912 2528 alios
935 2478 1026 2529 vita
1057 2475 1324 2529 velociffime
1343 2475 1425 2523 ad-
