1807 3004
17 2390 25 2933 ‘mu-mssffl2..
20 2366 25 2379 .-

457 185 1106 231 'EPISTOLAE
1361 199 1447 246 253

442 342 912 386 EPISTOLA
985 337 1205 384 LXXV,

191 480 503 540 Plzilofhplziam
533 481 648 523 verba
681 497 765 523 non
808 494 991 539 captare,
1026 496 1096 524 nec
1123 493 1260 523 tamen
1292 478 1459 541 ingenio

257 571 330 599 aut
361 555 517 613 eloquio
545 556 782 597 renuntiare.
819 555 1085 612 Praecipuum
1114 553 1189 617 est,
1204 552 1268 615 fit
1296 555 1385 598 vita
1414 567 1460 599 ut

244 627 393 686 sermO.
438 627 630 681 Deinde,
662 641 858 669 tentemus
888 627 1077 685 progredi
1111 641 1127 668 .·
1166 626 1361 684 quoniam
1385 644 1462 685 per

253 701 405 760 gradus
421 698 674 757 ascenditur,
690 695 731 743 ἃ
746 698 854 756 sunt
871 712 947 742 tres
968 697 1282 756 Proficientium
1309 696 1460 760 claffis.

195 809 457 926 MINUS
483 873 561 921 tibi
588 887 806 922 accuratas
835 891 858 920 a
885 891 955 920 me
982 873 1183 937 epistolas
1209 873 1323 922 mitti
1354 892 1464 938 que-2

193 948 313 995 reris.
336 949 430 1010 quis
448 949 562 994 enim
591 964 787 994 accurate
816 947 1007 1009 loquitur
1023 979 1035 1001 ‚
1062 948 1135 992 nist
1161 950 1236 1011 qui
1269 949 1361 993 vult
1381 966 1463 1009 pu-

194 1022 282 1067 tide
302 1020 453 1080 loqui?
487 1020 638 1079 Qualis
658 1021 798 1065 sermo
820 1036 940 1065 meus
966 1021 1100 1075 esset,
1128 1021 1157 1065 si
1187 1038 1271 1065 una
1292 1022 1464 1066 ledere-

196 1110 313 1148 mus,
345 1105 416 1137 aut
444 1094 786 1146 ambularemus3
813 1091 1061 1138 illaboratus
1089 1107 1133 1138 et
1162 1092 1300 1151 facilis
1325 1110 1336 1138 :
1362 1093 1467 1139 tales

187 1165 279 1221 ¹effe
319 1163 517 1225 epistolas
554 1181 670 1211 meas
705 1164 815 1210 volo
836 1199 848 1220 ‚
885 1180 996 1226 qnae
1032 1164 1141 1209 nihil
1175 1165 1362 1210 habeant
1396 1182 1467 1210 ar-

198 1236 390 1282 ceffitum
408 1272 421 1293 ‚
457 1254 536 1283 nec
565 1236 726 1283 fiilum.
751 1237 793 1281 Si
822 1235 915 1280 fieri
932 1236 1102 1298 posset,
1126 1237 1233 1299 quid
1263 1237 1468 1294 sentiam,

198 1309 430 1355 ostendere
463 1326 596 1371 quam
635 1308 758 1371 loqui
792 1307 979 1354 mallem.
1031 1307 1168 1354 Etiam
1207 1308 1236 1354 fi
1275 1309 1470 1370 disputa-

199 1397 320 1435 rem,
349 1396 428 1425 nec
457 1380 763 1441 supploderem
795 1380 949 1441 pedem
973 1414 986 1434 ‚
1015 1396 1098 1426 nec
1135 1395 1310 1425 manum
1337 1380 1470 1428 iaelao

199 1469 319 1508 rem,
344 1469 423 1499 nec
446 1452 689 1499 attollerem
708 1469 867 1498 vocem
892 1469 901 1497 ε
923 1452 994 1497 sed
1014 1450 1089 1497 ista
1121 1453 1370 1498 oratoribus
1397 1470 1470 1499 re-

199 1523 439 1585 liquiffem,
475 1536 706 1569 contentus
739 1523 878 1569 sensus
912 1539 1035 1569 meos
1067 1524 1121 1569 ad
1145 1536 1185 1569 te
1221 1525 1471 1586 pertulisse,

200 1611 312 1656 qnos
353 1611 433 1640 nec
468 1594 733 1640 exornassem
756 1629 769 1650 ‚
800 1611 880 1640 nec
914 1594 1173 1641 abieciffem÷
1207 1595 1292 1641 hoc
1331 1608 1469 1642 unum

202 1667 325 1728 plane
351 1666 428 1711 tibi
450 1667 693 1728 approbare
719 1667 903 1721 vellem,
934 1668 1085 1712 omnia
1114 1684 1184 1713 me
1218 1668 1287 1712 illa
1316 1667 1472 1714 sentire
1539 1711 1544 1718 .

202 1754 314 1800 quae
332 1738 522 1783 dicerem
549 1756 560 1784 t
584 1755 663 1785 nec
693 1749 860 1784 tantum
890 1738 1067 1795 sentire,
1089 1738 1161 1784 sed
1188 1755 1347 1786 amare,
1376 1741 1471 1785 Ali-

202 1822 268 1855 ter
286 1811 486 1855 homines
504 1810 703 1866 amicam,
721 1810 842 1857 aliter
859 1810 1020 1856 liberos
1037 1809 1308 1856 osculantur:
1326 1826 1472 1857 tamen

203 1881 246 1927 in
270 1882 354 1927 hoc
373 1883 768 1944 quoqueamplexu
787 1893 873 1926 tam
887 1881 1035 1926 sanilo
1049 1894 1092 1927 et
1106 1882 1354 1940 moderato,
1376 1883 1473 1930 satis

205 1966 381 2015 apparet
402 1953 588 1998 affeetus.
607 1954 712 1997 Non
731 1953 999 1999 mehercules
1024 1952 1170 1999 ieiuna
1190 1953 1274 2000 effe
1295 1967 1338 2000 et
1355 1955 1474 2001 arida

205 2027 330 2079 volo,
347 2042 456 2087 quae
476 2026 528 2070 de
546 2025 674 2070 rebus
687 2036 773 2070 tam
787 2025 952 2088 magnis
963 2025 1183 2072 dicentur:
1200 2043 1338 2089 neque
1355 2027 1472 2074 enim

206 2095 479 2157 philosophia
502 2095 679 2157 ingenio
704 2096 947 2142 renuntiat:
977 2096 1161 2144 multum
1190 2108 1334 2144 tamen
1361 2115 1472 2160 ope·-

207 2185 280 2214 rae
308 2168 502 2226 impendi
527 2167 673 2214 verbis
701 2184 791 2213 non
816 2180 1009 2230 oportet.
1043 2169 1162 2215 Haec
1184 2168 1233 2215 fit
1259 2169 1474 2231 propofiti

208 2241 342 2288 nostri
359 2242 523 2287 summa
542 2259 554 2286 ε
573 2243 696 2303 quod
716 2241 921 2288 sentimus
935 2277 948 2298 ‚
970 2241 1228 2304 loquamur3
1250 2244 1371 2305 quod
1401 2244 1475 2290 lo-

207 2314 384 2376 quimur
401 2344 415 2367 ‚
456 2313 699 2359 sentiamus.
751 2313 1010 2360 Concordet
1047 2314 1190 2359 sermo
1230 2331 1330 2360 cum
1369 2315 1474 2361 vita.-

208 2386 278 2432 ille
308 2385 564 2447 promiffum
598 2385 722 2431 suum
754 2384 981 2446 implevit,>
1015 2384 1092 2446 qui
1128 2398 1172 2431 et
1199 2401 1298 2432 cum
1327 2386 1476 2433 videas

210 2458 365 2518 illum,
393 2470 435 2505 et
462 2474 565 2506 cum
601 2457 750 2506 audias
771 2492 786 2515 ,
819 2456 937 2506 idem
972 2455 1047 2503 est.
1094 2457 1304 2504 Videmus
1337 2458 1475 2521 qualis
