1807 3004
454 177 1089 225 >EP1sT0LAE
1347 191 1432 239 345

167 288 292 344 bant,
315 286 532 332 literatura
552 321 565 341 ‚
593 302 668 346 per
699 302 827 348 quam
851 283 994 346 pueris
1020 282 1230 328 elementa
1260 283 1440 327 tradun-

164 372 233 405 tur
252 395 264 413 ‚
297 375 384 405 non
404 359 533 404 docet
551 358 744 403 liberales
770 370 880 403 artes
897 392 910 413 ,
944 356 1015 402 sed
1034 371 1138 401 mox
1166 353 1438 416 praecipien-

165 433 231 477 dis
257 433 405 488 locum
441 445 589 490 parat:
620 429 677 475 fic
710 430 903 483 liberales
934 443 1046 474 artes
1077 443 1165 473 non
1195 426 1440 488 perducunt

165 503 358 549 animum
377 502 428 547 ad
448 502 684 558 virtutem,
704 500 772 546 sed
789 501 1042 561 expediunt.
1063 500 1268 558 Quatuor
1281 498 1339 543 ait
1353 496 1439 543 effe

164 575 421 620 Posidonius
437 574 592 620 artium
614 591 782 636 genera.
800 574 909 618 Sunt
934 572 1134 634 vulgares
1153 583 1194 616 et
1212 569 1411 616 sordidae
1425 602 1438 624 ‚

164 646 258 695 sunt
291 647 508 700 ludicrae,
534 645 628 691 sunt
661 646 873 707 pueriles,
899 645 997 690 sunt
1025 644 1234 689 liberales.
1274 643 1441 705 Vulga-

162 737 229 766 res
253 718 463 781 opificum
483 754 496 776 ,
521 736 634 780 quae
664 736 795 764 manu
832 717 1056 773 confiant,
1081 731 1124 763 et
1146 717 1200 761 ad
1227 715 1440 761 instruen-

163 795 261 840 dam
288 795 424 839 vitam
444 808 680 854 occupatae
710 793 807 838 sunt
825 810 836 838 ε
863 793 908 838 in
932 792 1090 854 quibus
1109 790 1219 835 nulla
1238 789 1409 836 decoris
1425 824 1440 847 ‚

163 865 277 911 nulla
294 864 460 911 honesti
479 863 692 910 simulatio
710 865 782 911 est.
799 864 1007 910 Ludicrae
1028 864 1137 921 sunt,
1159 879 1268 926 quae
1284 863 1339 908 ad
1354 879 1440 910 vo-

163 938 370 1000 lnptatem
390 937 623 983 oculorum
643 951 771 1000 atque
792 936 962 983 aurium
982 938 1175 984 tendunt.
1202 937 1281 982 His
1299 952 1440 981 annu-

165 1027 304 1057 meres
327 1010 428 1057 licet
461 1011 805 1067 machinatores,
840 1010 914 1073 qui
945 1022 1140 1073 pegmata
1164 1026 1239 1071 per
1271 1010 1312 1055 se
1344 1009 1439 1054 sur-

165 1084 307 1147 gentia
333 1084 606 1146 excogitant,
626 1096 669 1130 et
691 1085 877 1131 tabulata
907 1085 1035 1131 tacite
1062 1085 1105 1129 in
1131 1084 1309 1130 sublime
1329 1083 1440 1128 cres-

165 1157 331 1214 centia,
359 1173 402 1204 et
429 1157 529 1204 alias
554 1173 606 1204 ex
635 1158 864 1219 inopinato
894 1158 1124 1205 varietates
1143 1191 1157 1213 ‚
1188 1171 1261 1203 aut
1296 1155 1441 1201 dehis-

166 1232 365 1278 centibus
389 1248 499 1293 quae
520 1232 833 1288 cohaerebant,
864 1246 934 1278 aut
962 1233 1026 1278 his
1054 1250 1166 1296 quae
1198 1231 1438 1290 distabant,

165 1305 238 1352 sua
260 1304 410 1367 sponte
428 1305 714 1362 coeuntibus,
732 1317 803 1350 aut
826 1305 890 1352 his
909 1323 1017 1369 quae
1037 1306 1308 1360 eminebant,
1334 1322 1442 1367 pau-

165 1378 282 1424 latim
310 1377 354 1424 in
380 1378 421 1425 se
449 1378 744 1424 residentibus.
784 1377 863 1424 His
892 1378 1194 1442 imperitorum
1225 1378 1440 1426 feriuntur

167 1451 308 1509 oculi,
333 1451 482 1497 omnia
514 1450 647 1497 subita
675 1450 807 1514 (quia
836 1451 980 1498 causas
1006 1469 1098 1498 non
1123 1450 1322 1514 novere)
1355 1451 1440 1498 mi-

166 1523 366 1570 rantium.
402 1522 587 1569 Pueriles
610 1522 728 1579 sunt,
757 1536 799 1569 et
822 1523 984 1587 aliquid
1017 1524 1222 1570 habentes
1252 1524 1440 1570 liberali-

166 1596 246 1643 bus
273 1596 435 1653 simile,
464 1597 542 1642 hae
567 1608 678 1643 artes
695 1613 799 1659 quas
824 1599 1049 1651 ἐγκυκλίους
1081 1597 1271 1652 Graeci,
1302 1596 1437 1643 nostri

165 1667 362 1715 liberales
389 1682 565 1715 vocant.
592 1669 717 1715 Solae
740 1681 882 1716 autem
911 1669 1107 1716 liberales
1131 1669 1261 1727 sunt,
1295 1669 1438 1715 immo

168 1738 239 1802 (ut
273 1740 415 1786 dicam
440 1739 608 1804 verius)
642 1740 826 1798 liberae,
860 1741 1018 1804 quibus
1042 1758 1170 1788 curae
1198 1742 1338 1790 virtus
1364 1741 1439 1788 est.

167 1814 554 1872 Quemadmodum
573 1848 587 1870 ‚
619 1812 761 1875 inquit
781 1849 793 1869 ‚
814 1813 874 1860 est
902 1813 1035 1860 animi
1057 1814 1196 1875 aliqua
1224 1830 1321 1875 pars
1342 1813 1438 1875 phi—

168 1885 392 1947 losophiae
424 1881 656 1941 naturalis,
688 1883 750 1930 eft
787 1885 928 1948 aliqua
969 1886 1172 1942 moralis,
1205 1884 1265 1931 est
1293 1886 1440 1947 aliqua

166 1955 389 2002 rationalis
405 1990 418 2013 ‚
446 1955 502 2001 fic
519 1970 560 2002 et
579 1956 686 2001 haec
705 1971 884 2018 quoque
905 1955 1149 2002 liberalium
1169 1956 1326 2003 artium
1346 1968 1436 2002 tur-

167 2030 222 2075 ba
247 2028 394 2074 locum
416 2028 492 2074 fibi
515 2028 558 2072 in
577 2027 1078 2089 philosophia-vindicat.
1106 2030 1224 2075 Cum
1253 2044 1436 2076 ventum

166 2099 228 2146 est
257 2100 312 2146 ad
341 2099 553 2145 naturales
574 2098 867 2162 quaestiones,
892 2100 1160 2162 geometriae
1184 2099 1439 2147 testimonio
1486 2106 1490 2110 '

168 2172 312 2219 statur.
329 2173 448 2234 Ergo
465 2172 554 2217 eius
574 2187 706 2234 quam
726 2171 918 2228 adiuvat,
937 2188 1033 2234 pars
1050 2171 1111 2218 est
1129 2172 1146 2218 ἓ
1169 2174 1300 2219 multa
1315 2172 1438 2219 adiu-

166 2261 272 2293 vant
287 2261 390 2302 nos,
410 2261 488 2291 nec
505 2244 605 2291 ideo
627 2258 770 2307 partes
786 2243 956 2291 nostrae
978 2245 1072 2291 sunt
1094 2263 1104 2290 ε
1126 2245 1266 2291 immo
1286 2245 1315 2290 s1
1336 2262 1436 2308 par-

166 2331 231 2366 tes
261 2318 394 2365 essent
411 2350 426 2373 ,
452 2334 542 2364 non
566 2318 836 2364 adiuvarent.
869 2317 1005 2364 Cibus
1033 2317 1300 2364 adiutorium
1334 2335 1436 2365 cor-

167 2393 317 2455 poris,
351 2410 431 2440 nec
464 2405 606 2439 tamen
643 2408 739 2454 pars
772 2392 846 2438 est.
883 2392 1060 2454 Aliquid
1093 2393 1220 2439 nobis
1251 2393 1434 2455 praestat

165 2463 433 2528 geometriae
458 2464 756 2513 ministerium.
783 2464 852 2513 Sic
879 2465 1182 2529 philosophiae
1201 2466 1434 2515 necessaria
