1807 3004
435 164 1070 210 -EPtSTOLAE.
1324 178 1415 227 3¹9

149 271 276 320 terest
292 271 322 318 si
342 285 428 319 tam
447 272 564 317 illum
595 271 717 317 multi
733 270 833 315 anni
851 271 1021 316 beatum
1041 268 1240 316 fecerunt
1254 305 1266 327 ‚
1285 286 1419 332 quam

148 347 265 393 hunc
289 347 428 409 pauci.
449 346 522 392 llle
547 363 679 409 quem
702 358 750 392 tu
773 345 915 391 minus
941 344 1115 390 beatum
1145 359 1298 399 vocas,
1328 361 1421 390 non

148 418 212 465 est
241 419 415 465 beatus:
448 434 537 464 non
568 416 707 479 potest
740 434 901 463 nomen
932 415 1146 461 imminui.
1178 416 1267 474 Qui
1297 415 1426 463 fortis

149 491 211 537 est
229 523 244 547 ‚
271 491 356 537 fine
384 489 543 537 timore
562 490 623 536 est
644 507 653 535 :
676 492 749 552 qui
769 489 856 535 fine
885 489 1042 533 timore
1070 487 1153 546 est,
1177 489 1262 534 fine
1290 489 1425 535 tristi-

150 563 208 610 tia
237 563 325 610 est:
347 563 424 625 qui
449 563 534 609 fine
566 561 732 608 tristitia
760 561 847 618 est,
883 562 1031 606 beatus
1055 559 1128 606 est.
1157 560 1423 608 Nostrorum

149 634 256 680 haec
286 633 572 696 interrogatio
599 633 674 680 est.
713 631 934 678 Adversus
962 632 1072 677 hanc
1096 632 1126 676 fi
1154 632 1419 694 respondere

150 716 398 762 conantur,
441 706 584 752 falsam
616 720 696 752 nos
729 723 820 751 rem
840 740 854 760 ,
886 718 928 751 et
961 706 1292 752 controversam
1335 723 1421 768 pro

151 778 344 825 confessa
379 779 604 837 inducere,
641 796 740 825 eum
769 777 844 841 qui
872 777 996 823 fortis
1025 778 1117 832 est,
1147 778 1233 824 fine
1261 780 1425 827 timore

149 852 250 899 effe.
280 853 402 913 Quid
426 855 567 916 ergo?
594 852 748 916 inquit.
769 852 892 897 fortis
910 850 1182 898 imminentia
1201 852 1311 898 mala
1333 870 1427 899 non

150 926 355 974 timebit?
382 927 493 973 istud
524 927 734 974 dementis
756 926 1041 987 alienatique,
1072 942 1162 971 non
1192 925 1319 972 fortis
1349 927 1424 974 est.

152 999 228 1045 Ille
255 1017 390 1059 vero,
411 1001 572 1063 inquit,
596 999 932 1046 moderatiffime
951 1000 1101 1056 timet,
1131 998 1203 1045 sed
1222 999 1268 1044 in
1282 1014 1427 1047 totum

152 1085 272 1118 extra
288 1087 452 1119 metum
467 1090 556 1118 non
575 1073 645 1119 est.
665 1074 758 1132 Qui
774 1073 879 1118 haec
895 1073 1068 1129 dicunt,
1085 1072 1227 1119 rursus
1246 1072 1290 1118 in
1309 1074 1428 1120 idem

151 1146 448 1192 revolvuntur
461 1182 473 1203 ‚
490 1160 536 1192 ut
556 1147 638 1193 illis
666 1148 881 1193 virtutum
899 1146 1001 1192 loco
1021 1146 1100 1192 sint
1119 1146 1289 1192 minora
1308 1147 1430 1194 vitia.

151 1219 267 1265 Nam
300 1221 373 1282 qui
405 1220 529 1266 timet
559 1221 769 1283 quidem,
802 1221 873 1265 sed
902 1220 1035 1268 rarius
1063 1234 1107 1266 et
1134 1220 1302 1275 minus,
1334 1236 1428 1267 non

154 1303 269 1337 caret
290 1292 449 1339 malitia
465 1329 479 1351 ‚
511 1293 580 1338 sed
603 1293 770 1343 leviore
790 1306 984 1339 vexatur.
1017 1296 1074 1339 At
1101 1293 1218 1338 enim
1248 1293 1432 1340 demen-

154 1376 242 1410 tem
267 1377 398 1427 pum,
424 1365 497 1427 qui
525 1365 632 1410 mala
660 1365 929 1410 imminentia
955 1381 1043 1410 non
1069 1364 1323 1412 extimescit.
1345 1368 1433 1412 Ve-

154 1451 252 1482 rum
277 1436 338 1483 est
356 1438 477 1500 quod
496 1437 599 1484 dicit
616 1473 630 1494 ,
650 1437 679 1482 fi
697 1439 806 1483 mala
823 1437 944 1483 sunt:
972 1436 1041 1483 sed
1062 1437 1092 1482 fi
1110 1437 1211 1495 scit,
1235 1439 1344 1484 mala
1362 1440 1433 1487 illa

153 1527 245 1556 non
269 1510 351 1557 effe
368 1545 381 1567 ‚
407 1523 450 1556 et
479 1527 610 1556 unam
642 1523 806 1556 tantum
839 1510 1153 1570 turpitudinem
1182 1511 1344 1557 malum
1369 1512 1434 1558 iu-

154 1584 297 1638 dicat3
330 1583 504 1630 debebit
531 1584 675 1630 secure
703 1583 895 1646 pericula
922 1583 1167 1644 adspicere,
1195 1595 1238 1629 et
1265 1583 1358 1631 aliis
1376 1586 1432 1631 ti-

154 1657 314 1704 menda
335 1673 634 1704 contemnere.
658 1670 730 1704 aut
754 1657 782 1702 fi
805 1657 918 1704 stulti
941 1669 985 1704 et
1005 1659 1188 1706 amentis
1207 1659 1289 1717 est,
1322 1662 1434 1707 mala

154 1745 245 1774 non
276 1729 466 1776 timere:
497 1745 586 1793 quo
614 1730 711 1792 quis
741 1730 1002 1792 prudentior
1031 1730 1118 1786 est,
1147 1733 1233 1779 hoc
1261 1733 1433 1781 timebit

155 1801 305 1864 magis.
342 1803 406 1848 Ut
424 1803 577 1859 vobis,
611 1803 779 1866 inquit,
803 1804 1006 1860 videtur,
1027 1805 1252 1866 praebebit
1285 1806 1325 1852 se
1356 1824 1433 1869 pe-

155 1875 300 1921 riculis
327 1873 464 1922 fortis.
495 1875 692 1923 Minime.
718 1893 808 1922 non
833 1876 1006 1923 timebit
1026 1877 1122 1935 illa,
1153 1876 1433 1928 sedvitabit:

105 1982 109 1986 ,
154 1947 303 1994 cautio
332 1947 452 1993 illum
484 1948 638 2004 decet,
670 1948 807 1994 timor
838 1965 929 1994 non
960 1949 1098 1995 decet.
1136 1949 1257 2010 Quid
1288 1952 1433 2015 ergo?

157 2020 316 2084 inquis.
348 2032 535 2065 mortem
557 2052 571 2073 ‚
601 2019 801 2077 vincula,
833 2020 980 2083 ignes,
1012 2021 1095 2069 alia
1125 2021 1207 2068 tela
1227 2022 1432 2071 fortunae

156 2110 248 2139 non
276 2092 482 2139 timebit?
522 2094 656 2138 Non:
689 2093 766 2139 scit
795 2093 910 2139 enim
944 2093 1014 2139 illa
1051 2110 1142 2140 non
1171 2095 1254 2142 esse
1288 2097 1431 2155 mala,

157 2166 231 2212 sed
261 2166 440 2213 videri:
475 2165 624 2212 omnia
657 2166 732 2211 ista
767 2167 981 2213 humanae
1013 2166 1130 2214 vitae
1169 2167 1430 2217 formidines

156 2250 290 2301 putat.
310 2238 519 2284 Describe
541 2238 837 2299 captivitatem
852 2273 865 2295 ,
888 2240 1071 2285 verbera
1084 2275 1097 2297 ,
1120 2253 1314 2301 catenas,
1333 2258 1432 2305 ege-

158 2309 307 2355 statem
325 2342 338 2364 ‚
364 2325 407 2356 et
437 2311 736 2357 membrorum
768 2311 1048 2359 lacerationes
1065 2344 1080 2367 ‚
1110 2313 1180 2360 vel
1210 2330 1288 2376 per
1314 2330 1435 2360 mor-

159 2381 288 2437 bum,
316 2384 387 2429 vel
411 2400 487 2444 per
511 2382 740 2428 iniuriam:
766 2396 809 2430 et
840 2384 1056 2447 quidquid
1075 2384 1193 2431 aliud
1221 2386 1435 2443 attuleris,

159 2454 271 2502 inter
307 2455 604 2518 lymphaticos
636 2469 778 2503 metus
808 2468 1017 2505 numerat.
1063 2457 1141 2505 Ista
1175 2458 1339 2506 timidis
1373 2458 1432 2505 ti-
