1797 2956
295 171 388 230 376
554 170 602 217 L.
650 170 948 216 ANNAEI
998 167 1354 216 SENECAE

296 276 450 323 melius
478 276 755 323 excitaretur.
773 277 909 338 Saepe
928 275 1083 322 maiori
1113 275 1317 323 fortunae
1341 276 1487 324 locum
1509 278 1575 326 fe-

292 350 352 396 cit
385 349 541 395 iniuria
568 367 579 394 ε
613 349 747 395 multa
778 349 1059 406 ceciderunt,
1093 365 1141 396 ut
1167 349 1289 395 altius
1322 349 1540 412 surgerent
1560 386 1574 409 ‚

291 434 336 469 et
358 422 404 468 in
429 422 579 468 maius.
601 422 866 485 Timagenes
891 420 1082 469 felicitati
1111 422 1230 469 urbis
1260 421 1463 470 inimicus
1483 425 1575 471 aie-

292 495 367 542 bat
382 532 396 553 ,
420 498 590 543 Romae
608 494 684 542 fibi
711 495 912 543 incendia
932 495 992 541 ob
1022 497 1109 544 hoc
1133 513 1268 543 unum
1295 496 1442 543 dolori
1464 495 1546 544 effe
1559 532 1576 554 ,

291 569 416 632 quod
452 569 577 616 sciret
604 567 788 616 meliora
813 568 1123 629 resurrectura,
1141 587 1273 634 quam
1299 570 1503 616 arfiffent.
1524 572 1573 617 In

291 641 373 686 hac
390 657 573 705 quoque
593 641 950 689 urbeverifimile
968 641 1029 689 est
1042 653 1284 690 certaturos
1298 658 1453 689 omnes
1473 642 1576 701 effe,

293 730 342 760 ut
372 715 539 760 maiora
560 715 861 776 certioraque,
888 731 1019 778 quam
1046 714 1255 773 amisere,
1285 714 1573 763 restituantur.

292 788 386 834 Sint
410 787 572 834 utinam
602 787 834 845 diuturna,
858 798 900 834 et
925 787 1180 835 melioribus
1208 787 1406 849 auspiciis
1431 787 1476 833 in
1501 804 1573 835 ae-

294 876 403 906 vum
435 859 609 922 longius
634 858 839 906 condita!
878 861 994 906 Nam
1027 859 1131 907 huic
1165 859 1367 906 coloniae
1395 859 1449 904 ab
1482 859 1575 906 ori-

292 931 396 995 gine
421 930 491 977 sua
513 929 770 978 centesimus
800 948 937 978 annus
954 930 1040 988 est,
1065 943 1180 978 aetas
1205 948 1260 978 ne
1289 929 1459 977 homini
1475 930 1576 993 qui-

294 1005 394 1050 dem
424 1019 630 1051 extrema.
669 1006 704 1050 A
735 1004 899 1053 Planco
937 1004 1118 1051 deducta
1149 1003 1194 1050 in
1225 1004 1335 1054 hanc
1369 1003 1577 1066 frequen-

292 1076 417 1133 tiam,
435 1075 521 1123 loci
543 1076 878 1139 opportunitate
892 1112 906 1134 ‚
920 1076 1148 1123 convaluit
1171 1093 1306 1139 :quae
1323 1088 1467 1123 tamen
1485 1093 1578 1140 gra-

294 1149 492 1196 viffimos
518 1151 636 1195 casus
661 1149 770 1196 intra
800 1148 982 1212 spatium
1002 1148 1216 1196 humanae
1234 1150 1410 1212 pertulit
1430 1149 1578 1196 senec-

296 1222 412 1270 tutis,
455 1223 604 1285 Itaque
634 1223 848 1271 formetur
875 1222 1046 1268 animus
1082 1222 1136 1268 ad
1164 1219 1456 1280 intellectum,
1497 1239 1576 1284 pa-

294 1295 581 1358 tientiamque
606 1295 732 1343 sortis
762 1295 886 1352 suae,
922 1306 966 1341 et
996 1293 1099 1341 sciat
1127 1293 1234 1340 nibil
1267 1293 1464 1340 inausum
1493 1294 1578 1341 effe

292 1366 511 1414 fortunae.
546 1369 767 1416 Adversus
784 1367 966 1431 imperia
988 1367 1102 1413 illam
1129 1366 1245 1414 idem
1271 1366 1430 1417 habere
1447 1367 1576 1422 iuris,

292 1442 420 1504 quod
437 1441 642 1489 adversus
658 1442 922 1505 imperantes
946 1457 957 1487 :
975 1440 1184 1487 adversus
1204 1439 1332 1486 urbes
1349 1439 1465 1485 idem
1486 1440 1578 1503 pos·

293 1517 336 1564 se
355 1552 369 1575 ,
394 1517 519 1581 quod
536 1516 740 1565 adversus
762 1516 978 1563 homines.
1009 1514 1131 1562 Nihil
1157 1514 1318 1560 horum
1342 1513 1576 1579 indignan-

293 1590 401 1636 dum
433 1588 507 1637 est.
537 1589 583 1635 in
610 1606 710 1636 eum
748 1588 1009 1636 intravimus
1038 1589 1279 1647 mundum,
1310 1588 1355 1634 in
1389 1605 1480 1652 quo
1510 1589 1576 1636 his

291 1663 457 1729 legibus
483 1664 666 1712 vivitur.
700 1663 882 1710 Placet?
908 1680 1028 1726 pare.
1060 1680 1153 1711 non
1172 1663 1346 1726 placet?
1381 1679 1577 1726 quacun-
1633 1667 1638 1672 ”

292 1754 380 1799 que
408 1737 504 1794 vis,
535 1736 620 1786 exi.
656 1736 885 1799 Indignare
903 1771 916 1794 ,
942 1736 972 1782 fi
1000 1735 1107 1800 quid
1134 1736 1179 1782 in
1213 1747 1257 1782 te
1293 1733 1432 1796 iniqui
1468 1750 1574 1795 pro-

292 1810 388 1873 prie
415 1809 700 1857 constitutum
731 1807 821 1855 est:
856 1808 927 1854 sed
951 1808 982 1854 fi
1010 1808 1117 1856 haec
1145 1808 1261 1853 imos
1295 1807 1577 1870 summosque

292 1882 717 1945 necessitas-alligat,
744 1880 791 1926 in
819 1879 997 1943 gratiam
1024 1896 1125 1927 cum
1150 1878 1243 1924 fato
1274 1893 1524 1932 revertere,
1553 1895 1578 1925 a

292 1971 319 2015 q
329 1970 387 1999 uo
400 1953 548 2000 omnia
562 1953 849 1999 resolvuntur.
864 1952 971 1998 Non
985 1950 1045 1998 est
1058 1950 1183 2014 quod
1201 1966 1282 1996 nos
1296 1949 1475 1997 tumulis
1489 1966 1579 1997 me-

291 2026 411 2073 tiaris
428 2062 441 2084 ,
460 2038 504 2073 et
521 2025 590 2072 his
609 2022 906 2073 monumentis
926 2059 939 2082 ,
964 2040 1076 2087 quae
1104 2023 1221 2071 viam
1245 2021 1428 2085 disparia
1452 2038 1577 2085 prae-

291 2111 472 2147 texunt:
499 2112 654 2162 aequat
680 2114 834 2146 omnes
865 2097 986 2144 cinis.
1012 2098 1202 2161 impares
1229 2096 1476 2151 nascimur,
1502 2113 1576 2160 pa·

292 2189 362 2219 res
394 2171 623 2219 morimur.
651 2171 772 2218 Idem
800 2170 854 2216 de
875 2171 1080 2228 urbibus,
1099 2170 1224 2234 quod
1242 2170 1296 2216 de
1313 2168 1486 2216 urbium
1507 2170 1577 2216 in·-

292 2245 403 2292 colis
425 2245 528 2292 dico
547 2262 558 2292 :
580 2259 669 2292 tam
690 2244 833 2291 Ardea
848 2259 996 2306 capta,
1023 2260 1156 2308 quam
1177 2245 1321 2290 Roma
1338 2241 1421 2289 est.-
1445 2244 1574 2290 Con-

291 2319 411 2365 ditor
434 2318 504 2365 ille
531 2318 635 2365 iuris
661 2316 870 2375 humani,
896 2333 985 2364 non
1006 2316 1218 2363 natalibus
1249 2332 1329 2362 nos
1347 2351 1359 2372 ‚
1382 2332 1463 2362 nec
1491 2331 1572 2361 no-

292 2393 464 2438 minum
491 2392 680 2440 claritate
701 2379 920 2448 distinit‚
949 2389 1026 2437 nifi
1051 2390 1156 2436 dum
1189 2389 1349 2436 sumus.
1378 2389 1470 2436 Ubi
1495 2406 1575 2436 ve-

290 2482 344 2514 10
377 2466 430 2515 ad
458 2465 594 2514 finem
622 2466 877 2514 mortalium
905 2479 1090 2514 ventum
1121 2463 1182 2512 est
1208 2482 1218 2512 ε
1249 2461 1471 2522 Discede,
1503 2463 1575 2509 in«
