1797 2956
314 183 407 235 290
538 173 586 220 L.
632 169 940 220 ΑΝΝΑει
989 172 1359 231 SENECAE

309 276 386 326 ista
417 280 632 328 hereditas
669 296 693 326 a
732 296 802 326 me
832 280 887 326 ad
915 279 1114 342 posteros
1149 283 1343 330 transeat.
1392 284 1581 333 Multum

307 353 450 401 adhuc
484 353 609 400 restat
642 352 787 415 operis
806 388 818 410 ,
853 352 1126 417 multumque
1158 354 1368 402 restabit:
1403 373 1483 404 nec
1511 359 1584 405 ulli

304 439 411 474 nato
440 426 537 490 post
568 426 685 472 mille
716 426 856 472 secula
884 427 1191 489 praecludetur
1217 428 1390 476 occasio
1420 430 1582 494 aliquid

302 499 442 546 adhuc
468 498 717 547 adficiendi-0
747 499 829 545 Sed
856 498 987 546 etiam
1013 499 1042 545 fi
1065 499 1216 546 omnia
1233 518 1255 546 a
1274 502 1496 549 veteribus
1515 504 1581 550 in-

301 585 432 621 venta
457 572 553 620 sunt
573 590 583 618 :
610 573 699 620 hoc
717 572 884 635 semper
902 590 1071 621 novum
1093 575 1200 629 erit,
1220 574 1343 634 usus,
1363 591 1404 623 et
1423 577 1581 624 inven⁴

300 658 448 693 torum
469 646 523 691 ab
548 645 639 692 aliis
664 646 838 695 scientia
859 658 902 693 et
929 646 1170 709 dispositio.
1203 650 1309 695 Puta
1330 649 1475 696 relicia
1497 667 1579 696 no—

299 718 365 764 bis
387 718 704 764 medicamenta
720 755 732 776 ,
761 718 918 782 quibus
941 718 1187 765 sanarentur
1205 721 1336 767 ocuii.
1359 738 1447 768 non
1469 739 1582 786 opus

298 791 360 839 est
389 791 496 837 mihi
521 791 599 836 alia
627 808 832 855 quaerere
856 809 866 838 t
898 794 1006 838 'naec
1027 806 1194 838 tantum
1222 794 1388 840 morbis
1415 808 1458 843 et
1475 807 1581 843 tem*

298 865 482 928 poribus
507 865 688 926 aptanda
719 864 827 911 sunt.
852 865 952 911 Hoc
979 864 1182 926 asperitas
1210 865 1444 912 oculorum
1472 884 1580 914 con-

295 939 480 986 levatur.
509 937 598 982 hoc
636 937 939 998 palpebrarum
977 936 1213 983 craffitudo
1241 951 1458 985 tenuatur.
1491 940 1580 987 hoc

295 1010 364 1058 vis
384 1009 519 1055 subita
538 1024 580 1054 et
598 1008 759 1054 humor
781 1008 1005 1054 avenam.
1034 1008 1122 1054 hoc
1141 1008 1311 1055 acuitur
1336 1008 1465 1056 visus.
1485 1010 1579 1056 Te-

296 1099 365 1130 ras
389 1081 466 1128 ista
491 1079 670 1143 oportet
688 1117 701 1140 ,
729 1096 772 1128 et
792 1081 922 1143 eligas
950 1094 1120 1143 tempus
1137 1114 1151 1135 ,
1179 1082 1382 1128 adhibeas
1407 1081 1582 1145 singulis

296 1156 497 1203 modum».
535 1154 684 1200 Animi
718 1154 907 1201 remedia
950 1154 1131 1201 inventa
1160 1155 1255 1202 sunt
1280 1158 1333 1202 ab
1359 1156 1580 1219 antiquis:

297 1230 532 1294 quomodo
559 1241 706 1275 autem
735 1230 1080 1284 admoveantur,
1113 1241 1185 1275 aut
1209 1230 1414 1292 quando,
1444 1230 1580 1277 nostri

296 1302 443 1366 operis
473 1301 534 1348 est
572 1305 797 1366 qnaerere.
841 1302 1035 1347 Multum
1067 1315 1249 1365 egerunt
1276 1303 1351 1364 qui
1378 1315 1475 1349 ante
1496 1320 1581 1350 >nos

294 1376 486 1434 fuerunt,
509 1375 580 1422 sed
601 1392 690 1422 non
710 1389 969 1438 peregerunt
988 1392 999 1420 ε
1023 1374 1282 1436 suspiciendi
1302 1389 1449 1422 tamen
1467 1376 1580 1433 sunt,

296 1462 340 1496 et
360 1449 444 1495 ritu
471 1444 656 1495 deorum
685 1448 871 1495 colendi.
913 1446 1084 1508 Quidni
1113 1463 1197 1510 ego
1221 1458 1481 1510 magnorum
1511 1448 1580 1493 vi-

297 1535 451 1568 rorum
485 1534 527 1568 et
555 1520 766 1585 imagines
794 1521 1004 1575 habeam,
1032 1519 1313 1566 incitamenta
1344 1519 1502 1576 animi,
1539 1527 1579 1566 ετ

301 1596 460 1642 natales
490 1596 741 1643 celebrem?
772 1595 943 1656 Quidni
975 1594 1075 1641 ilios
1103 1594 1286 1641 honoris
1314 1594 1436 1640 causa
1465 1594 1578 1640 sem-

298 1683 377 1732 per
405 1670 655 1732 appellem?
683 1672 829 1730 Quam
863 1668 1193 1716 venerationem
1224 1669 1581 1731 praeceptoribus

299 1742 406 1789 meis
443 1743 586 1789 debeo
609 1779 623 1801 ‚
663 1742 846 1789 eandem
886 1741 969 1788 iilis
1011 1741 1370 1803 praecepioribus
1411 1741 1580 1804 generis

298 1816 478 1863 humani
503 1845 517 1871 ‚
552 1833 575 1861 a
611 1816 767 1879 quibus
807 1814 913 1862 tanti
952 1814 1060 1860 boni
1100 1814 1220 1859 initia
1260 1814 1489 1860 finxerunt.
1536 1815 1578 1860 Si

295 1887 519 1934 consulem
552 1887 712 1934 videro
741 1897 813 1932 aut
839 1898 1115 1946 praetorem,
1149 1885 1296 1931 omnia
1317 1885 1474 1948 quibus
1496 1884 1577 1930 ho-

297 1977 380 2005 nor
419 1958 568 2006 haberi
605 1958 742 2014 solet,
783 1955 940 2003 faciam
976 1975 986 2002 :
1027 1973 1146 2020 equo
1189 1956 1411 2014 defiliam‚
1445 1967 1577 2019 caput

297 2030 542 2093 adaperiam
557 2065 571 2087 ,
597 2028 743 2076 semita
767 2029 936 2075 cedam.
960 2029 1081 2088 Quid
1105 2033 1239 2092 ergo?
1266 2031 1464 2075 Marcum
1488 2030 1576 2074 Ca-

295 2118 447 2151 tonem
474 2106 735 2166 utrimque,
761 2114 804 2148 et
828 2103 1019 2148 Laelium
1045 2101 1292 2164 Sapientem
1309 2137 1321 2157 ,
1347 2114 1390 2149 et
1417 2103 1574 2149 Socra-

296 2189 385 2224 tem
424 2195 526 2225 cum
565 2177 774 2233 Platone,
817 2189 861 2222 et
888 2176 1115 2221 Zenonem
1140 2208 1153 2231 ‚
1193 2176 1538 2239 Cleanthem'que
1560 2211 1576 2233 ‚

301 2251 345 2297 in
362 2251 556 2298 animum
584 2263 729 2297 meum
754 2248 842 2296 fine
867 2248 1122 2311 dignatione
1144 2248 1308 2296 summa
1326 2248 1533 2311 recipiam
1553 2249 1572 2295 ?

298 2324 392 2385 Ego
412 2339 525 2372 vero
546 2323 645 2372 illos
669 2338 858 2373 veneror
872 2355 886 2382 ,
918 2332 962 2368 et
985 2320 1115 2368 tantis
1134 2320 1386 2369 nominibus
1406 2320 1574 2384 semper

231 2438 235 2442 s
295 2395 485 2460 assurgo.
903 2417 908 2420 ’
