1807 3004
290 231 349 274 24
512 219 559 264 L.
612 217 1329 263 ANNAEISENECAE

285 325 360 371 sim
378 360 389 381 ,
418 334 463 370 ut
489 325 668 371 habeam
695 341 824 387 quem
849 325 891 369 in
919 324 1113 369 exsilium
1137 324 1311 385 sequar,
1335 324 1457 370 cuius
1481 341 1551 370 me

286 397 419 443 morti
443 414 663 458 opponam
694 411 735 442 et
755 398 1017 458 impendam.
1045 397 1121 442 lssa
1150 415 1279 450 (tuam
1312 411 1359 442 ru
1388 396 1548 441 descri-

284 470 349 516 bis
367 506 380 526 ‚
405 471 642 532 negotiatio
659 469 719 515 est
735 505 747 526 ‚
782 487 872 515 non
901 471 1114 515 amicitia:
1146 486 1255 531 quae
1272 471 1325 514 ad
1345 485 1549 513 commo-

285 544 388 588 dum
406 543 572 589 accedit
589 578 602 597 ‚
617 559 726 602 quae
743 542 843 605 quid
863 542 1145 588 consecutura
1165 542 1212 587 sit
1227 577 1239 595 ‚
1256 542 1424 614 spectat.
1446 542 1551 586 Non

283 614 414 660 dubie
435 614 559 658 habet
581 613 743 675 aliquid
775 614 908 659 simile
933 613 1175 666 amicitiae,
1205 611 1381 658 affeffits
1405 628 1551 657 aman-

283 686 390 733 tium
415 705 425 731 ε
453 685 582 746 poffis
603 685 771 742 dicere,
803 686 925 731 ilium
950 685 1034 732 effe
1063 685 1251 730 insanam
1281 684 1515 730 amicitiam
1538 701 1548 728 :

284 758 498 820 numquid
519 773 624 819 ergo
645 758 874 819 »quisquam
899 772 1012 804 amat
1036 758 1142 803 lucri
1161 757 1316 803 causa?
1339 757 1550 818 numquid

283 832 532 877 ambitionis
558 846 630 879 aut
656 831 853 894 gloriae?
883 832 975 893 Ipse
1004 849 1081 894 per
1101 832 1141 877 se
1170 848 1322 887 amor,
1349 833 1549 877 omnium

282 906 457 953 aiiarum
478 922 617 951 rerum
641 905 856 967 negligens
871 940 883 960 ,
902 905 1073 951 animos
1094 904 1137 948 in
1158 904 1439 966 cupiditatem
1459 904 1549 949 for-

280 996 397 1033 mae,
430 996 517 1025 non
546 978 629 1024 sine
661 979 732 1039 spe
759 992 933 1023 mutuae
957 977 1169 1032 caritatis,
1198 977 1410 1023 accendit‘
1429 976 1550 1037 Quid

279 1052 420 1115 ergo?
451 1069 501 1098 ex
521 1051 759 1099 honestiori
791 1052 910 1097 causa
931 1052 1022 1097 coit
1046 1052 1185 1113 turpis
1205 1051 1410 1098 affectus?
1444 1052 1550 1096 Non

280 1127 420 1189 agitur
435 1159 448 1180 ‚
477 1125 619 1187 inquis
637 1160 648 1181 2
668 1142 780 1171 nunc
799 1125 883 1170 hoc
900 1160 911 1181 ,
930 1141 983 1169 an
1002 1125 1189 1170 amicitia
1209 1138 1389 1187 propter
1406 1123 1467 1181 se,
1498 1140 1551 1168 an

279 1213 462 1260 propter
488 1199 599 1245 aliud
624 1197 673 1246 fit
701 1199 952 1260 expetenda.
981 1215 1078 1243 nam
1106 1198 1135 1242 fi
1169 1214 1344 1259 propter
1373 1198 1551 1257 seipsam

280 1271 521 1339 expetenda
550 1269 633 1323 est,
666 1270 806 1331 potest
833 1272 887 1315 ad
915 1271 1028 1315 illam
1057 1272 1289 1328 accedere,
1314 1271 1389 1332 qui
1415 1271 1551 1332 seipso

280 1355 509 1391 contentus
523 1342 595 1389 est.
622 1342 870 1402 Quomodo
889 1359 993 1405 ergo
1011 1343 1064 1388 ad
1083 1343 1194 1388 illam
1215 1343 1408 1389 accedit?
1437 1359 1551 1405 quo·

277 1417 419 1461 modo
441 1416 493 1462 ad
512 1432 602 1460 rem
627 1414 986 1475 pulcherrimam:
1007 1432 1096 1461 non
1122 1416 1247 1461 lucro
1275 1428 1422 1477 captus
1437 1451 1450 1467 ‚
1470 1431 1550 1462 nec

278 1489 482 1536 varietate
496 1489 696 1536 fortunae
717 1491 978 1548 perterritus.
1000 1489 1206 1535 Detrahit
1230 1489 1443 1535 amicitiae
1460 1505 1551 1534 ma-

277 1561 469 1609 iestatem
489 1561 621 1619 suam,
641 1562 714 1617 qui
734 1562 846 1607 illam
864 1574 982 1624 parat
997 1562 1049 1607 ad
1065 1561 1208 1608 bonos
1226 1562 1358 1608 casus.
1374 1564 1425 1609 Se
1442 1579 1550 1608 con-

277 1645 422 1681 tentus
443 1633 503 1680 est
529 1634 708 1695 sapiens.
728 1635 829 1680 Hoc
844 1666 858 1688 ‚
885 1633 943 1678 mi
971 1633 1133 1687 Lucili,
1165 1651 1393 1696 perperam
1414 1633 1550 1696 pleri-

277 1723 362 1770 que
391 1707 753 1768 interpretantur:
776 1705 1009 1767 sapientem
1036 1707 1228 1762 undique
1255 1707 1551 1766 submovent,

277 1794 320 1826 et
347 1780 456 1825 intra
478 1791 619 1826 cutem
648 1780 765 1826 suam
795 1794 970 1842 cogunt.
992 1780 1356 1842 Distinguendum
1389 1781 1448 1826 est
1471 1798 1549 1827 au·

278 1866 365 1900 tem
380 1886 391 1904 ‚
410 1850 514 1913 quid
534 1863 576 1897 et
593 1864 804 1913 quatenus
822 1868 911 1898 vox
933 1850 1007 1896 ista
1027 1851 1265 1913 promittat.
1291 1853 1342 1897 Se
1361 1866 1548 1899 conten-

276 1941 345 1972 tus
372 1923 430 1970 est
458 1923 647 1986 sapiens,
679 1925 732 1970 ad
761 1925 883 1970 beate
908 1924 1178 1982 vivendum,
1201 1941 1289 1970 non
1316 1925 1370 1971 ad
1389 1925 1548 1972 viven-

279 2000 400 2045 dum„
418 1999 486 2043 Ad
505 1999 590 2044 hoc
610 1997 725 2044 enim
747 1998 890 2046 multis
910 1997 972 2042 illi
988 1998 1113 2044 rebus
1132 2014 1243 2059 opus
1262 1997 1350 2054 est3
1371 1999 1424 2044 ad
1441 1999 1549 2046 illud

276 2085 443 2120 tantuin
472 2072 621 2118 animo
642 2071 746 2118 sano
761 2107 773 2126 ,
793 2083 834 2116 et
851 2071 995 2116 ere&o
1012 2105 1024 2127 ‚
1050 2082 1092 2115 et
1121 2070 1382 2130 despiciente
1408 2070 1548 2117 fortu-

276 2163 390 2192 nam.
415 2145 539 2191 Volo
563 2144 642 2192 tibi
670 2142 904 2206 Chrysippi
933 2158 1112 2205 quoque
1135 2141 1452 2188 distinctionem
1479 2144 1548 2189 in-

276 2222 436 2268 dicare.
478 2222 547 2267 Ait
579 2220 809 2282 sapientem
848 2218 966 2265 nulla
995 2233 1041 2263 re
1071 2217 1264 2280 indigere
1284 2256 1296 2275 ,
1329 2229 1371 2263 et
1403 2232 1547 2265 tamen

276 2293 424 2340 multis
454 2294 511 2338 illi
543 2294 671 2339 rebus
699 2308 811 2353 opus
837 2290 956 2337 effe:
989 2303 1140 2336 contra
1158 2322 1171 2344 ‚
1206 2290 1332 2337 stulto
1361 2291 1471 2337 nulla
1501 2307 1548 2336 re

276 2385 388 2429 opus
418 2368 505 2424 est,
536 2368 649 2413 nulla
677 2367 792 2413 enim
822 2383 870 2412 re
895 2364 971 2411 scit
997 2363 1083 2421 uti,
1111 2364 1182 2410 sed
1203 2365 1406 2412 omnibus
1436 2378 1548 2427 eget.

278 2441 469 2503 Sapienti
491 2454 534 2487 et
560 2441 784 2494 manibus,
812 2454 855 2486 et
881 2438 1046 2497 oculis,
1078 2451 1121 2486 et
1146 2439 1290 2485 multis
1316 2440 1369 2485 ad
1398 2438 1546 2501 quoti-

276 2512 453 2563 dianum
470 2511 597 2562 usum
616 2510 858 2561 necessariis
875 2526 986 2575 opus
1002 2509 1061 2559 est
1074 2546 1088 2572 ‚
1112 2510 1188 2558 sed
1213 2524 1311 2575 eget
1336 2508 1449 2557 nulla
1464 2524 1510 2558 re
1530 2528 1544 2558 z
