1807 3004
282 215 345 266 52
542 203 1311 252 L.ANNAEISENECAE

276 326 392 372 ergo
412 310 532 372 prius
547 311 880 374 acquirendum.
907 311 1007 357 licet
1027 313 1078 357 ad
1095 313 1414 376 philosophiam
1432 315 1559 361 etiam

280 379 371 428 >fine
397 384 564 429 viatico
610 385 857 448 pervenire.
888 387 946 429 lta
967 386 1052 442 est,
1083 402 1183 430 cum
1217 387 1366 432 omnia
1398 389 1562 435 habite*-

278 453 367 510 -ris,
391 467 495 501 tunc
519 469 561 501 et
591 455 844 516 sapientiam
878 455 1036 502 habere
1064 456 1204 502 voles.
1243 459 1362 505 Haec
1394 461 1474 504 erit
1500 460 1564 504 us-

279 526 438 573 timum
478 527 593 574 vitae
626 528 987 587 instrumentum,
1016 543 1059 575 et
1092 531 1162 589 (ut
1196 531 1252 576 ita
1287 532 1451 595 dicam)
1488 534 1562 579 ad-

277 599 582 648 ditamentum.
609 605 686 648 Tu
716 619 854 658 vero,
879 602 967 649 five
996 603 1159 665 aliquid
1181 604 1336 659 habes,
1359 605 1440 649 iam
1464 606 1563 667 phi—

276 672 540 734 losophare:
562 676 678 723 unde
709 676 827 723 enim
859 676 939 723 scis
957 707 972 730 .,
1004 692 1056 721 an
1085 676 1169 721 iam
1206 677 1334 723 nimis
1361 678 1557 725 habeas?

279 745 374 793 five
402 746 537 801 nihi13
564 747 651 792 hoc
684 747 801 808 prius
829 763 1014 809 quaere,
1041 763 1172 809 quam
1200 748 1453 811 quidquam.
1499 753 1562 798 At

277 818 515 865 necessaria
547 820 742 865 deerunt.
780 820 974 865 Primum
1009 819 1150 865 deesse
1185 835 1275 865 non
1314 834 1521 882 poterunt
1543 855 1559 879 ,

279 892 387 955 quia
415 904 564 937 natura
595 892 825 937 minimum
850 891 969 955 >&petit
998 910 1007 938 :
1044 904 1218 937 naturae
1245 908 1388 938 autem
1422 893 1462 939 se
1495 897 1558 940 sa—

280 963 406 1026 piens
439 965 716 1011 accomodat.
761 964 847 1010 Sed
880 963 909 1009 {i
944 964 1210 1011 necessitates
1239 966 1415 1013 ultimae
1448 968 1561 1014 inci-

281 1037 447 1095 derint,
465 1038 718 1083 iamdudum
747 1037 912 1083 exsiliet
932 1055 955 1083 e
970 1039 1060 1084 vita
1075 1073 1088 1095 ,
1102 1053 1145 1084 et
1165 1039 1368 1086 molestus
1383 1039 1455 1085 fib}
1475 1042 1541 1086 eff
1539 1058 1560 1087 e

282 1108 458 1156 definet.
485 1110 534 1154 -Si
562 1125 674 1156 vero
709 1110 914 1170 exiguum
950 1109 1080 1155 fuerit
1111 1121 1153 1155 et
1181 1111 1402 1174 angustum
1421 1145 1435 1167 ‚
1470 1130 1562 1176 quo

281 1181 416 1244 poffit
442 1182 535 1228 vita
561 1181 776 1243 produci:
797 1182 841 1226 id
862 1182 968 1227 boni
995 1182 1220 1237 consulet,
1252 1200 1330 1230 nec
1351 1185 1459 1230 ultra
1485 1203 1561 1231 ne—

282 1254 459 1302 cessaria
487 1254 678 1300 solicitus
703 1264 774 1298 aut
793 1253 972 1310 anxius,
1000 1254 1142 1299 ventri
1159 1267 1204 1300 et
1229 1255 1410 1316 scapulis
1437 1257 1561 1303 suum

282 1327 438 1373 reddet
452 1363 465 1383 ,
487 1338 526 1372 et
546 1326 861 1388 occupationes
881 1325 1069 1371 divitum
1088 1361 1101 1383 ,
1121 1327 1564 1392 concursationesque

283 1401 339 1447 ad
368 1401 540 1449 divitias
571 1399 798 1457 euntium,
832 1399 1002 1446 securus
1034 1400 1257 1462 laetusque
1287 1400 1476 1458 ridebit,
1511 1419 1562 1448 ac

281 1472 432 1519 dicet:
454 1473 578 1533 Quid
605 1472 649 1518 in
675 1472 854 1535 longum
880 1471 968 1533 ipse
993 1482 1035 1517 te
1065 1470 1248 1517 diff-ers?
1272 1471 1563 1532 exspecstabis-

284 1562 341 1592 ne
369 1544 567 1592 foenoris
595 1544 844 1609 quaestum,
869 1558 940 1590 aut
965 1561 1018 1591 ex
1044 1559 1189 1588 merce
1220 1544 1531 1605 compendium
1547 1578 1562 1600 ,

285 1632 360 1667 aut
386 1622 548 1667 tabulas
568 1621 684 1669 beati
705 1621 840 1675 senis,
862 1636 962 1666 cum
990 1617 1082 1664 fieri
1103 1616 1234 1680 possis
1255 1616 1396 1664 statim
1416 1619 1561 1666 dives?

285 1696 596 1758 Repraesentat
613 1712 720 1758 opes
737 1695 962 1757 sapientia:
981 1709 1086 1755 quas
1106 1691 1349 1754 cuicunque
1370 1690 1474 1738 fecit
1495 1693 1563 1739 su—

285 1784 552 1830 pervacuas,
583 1768 718 1816 dedit.
761 1768 883 1813 Haec
912 1767 967 1811 ad
995 1766 1104 1810 alios
1135 1763 1387 1826 pertinent:
1414 1776 1461 1810 tu
1489 1766 1561 1812 lo·

283 1841 529 1903 cupletibus
554 1840 743 1904 propior
768 1855 826 1886 es.
855 1837 1056 1884 Seculum
1084 1851 1235 1891 muta,
1258 1836 1386 1882 nimis
1417 1838 1563 1887 habes,

282 1913 398 1961 Inest
425 1915 547 1960 omni
577 1914 754 1972 seculo,
783 1913 906 1976 quod
933 1912 992 1957 sat
1021 1910 1092 1957 est.
1127 1911 1328 1956 Poteram
1352 1911 1562 1959 hocloco

284 1986 512 2049 epistolam
547 1987 772 2043 claudere,
798 1985 876 2032 nisi
899 1999 942 2031 te
967 1984 1079 2029 male
1106 1982 1390 2029 instituissem.
1421 1985 1562 2047 Reges

283 2060 467 2106 Parthos
491 2077 580 2106 non
609 2058 751 2122 potest
779 2057 1006 2120 quisquam
1035 2055 1211 2102 saiutare
1235 2055 1322 2100 fine
1351 2072 1562 2114 munere,

285 2132 365 2179 tibi
391 2134 634 2181 valedicere
662 2149 753 2178 non
777 2131 877 2178 licet
893 2128 1049 2193 gratis.
1080 2130 1184 2190 quid
1208 2128 1348 2175 istuc?
1377 2129 1431 2176 ab
1457 2131 1562 2194 Epi-

282 2223 396 2254 curo
426 2222 627 2255 mutuum
658 2207 840 2254 sumam.
875 2205 1025 2252 Multis
1049 2204 1214 2267 parasse
1242 2204 1442 2262 divitias,
1468 2222 1562 2252 non

283 2280 382 2328 finis
410 2282 680 2328 miseriarum
706 2280 818 2338 fuit,
843 2278 917 2325 sed
937 2278 1137 2324 mutatio,
1166 2279 1272 2323 Non
1299 2278 1386 2325 hoc
1406 2278 1561 2327 miror.

284 2370 375 2400 non
390 2354 450 2400 est
462 2355 579 2400 enim
594 2355 638 2399 in
657 2353 787 2400 rebus
799 2351 960 2398 vitium
975 2386 988 2407 ,
1006 2350 1077 2396 sed
1095 2350 1248 2411 inipso
1268 2349 1429 2396 animo.
1449 2350 1559 2398 Illud

283 2427 407 2488 quod
431 2440 730 2490 paupertatem
754 2440 933 2488 gravem
951 2423 1136 2479 fecerat,
1157 2434 1199 2468 et
1213 2421 1384 2468 divitias
1401 2438 1560 2484 graves

256 2498 402 2559 ‘fecin
445 2498 840 2560 Quemadmodum
868 2495 975 2543 nihil
1005 2494 1181 2550 differt,
1211 2506 1356 2541 utrum
1381 2509 1560 2556 aegrum
