1807 3004
315 226 376 287 84
551 230 942 276 L.ANNAE1
995 232 1352 279 SENECAE

309 334 410 381 deo.
441 335 568 394 Quae
595 334 710 381 enim
747 336 920 398 querela
946 337 1033 393 est,
1064 340 1186 401 quod
1219 340 1589 401 incommodum3

308 404 342 451 fi
366 408 488 468 quod
511 406 874 464 dehet‘definere‚
904 408 1094 456 defecit?
1117 411 1455 458 Incommodum
1477 413 1590 460 sum-

310 493 432 539 mum
462 477 549 530 est,
571 477 740 540 inquis,
768 478 905 524 minui
925 491 968 525 et
988 479 1210 541 deperire,
1237 493 1309 538 et,
1337 494 1385 528 ut
1409 483 1589 545 proprie

307 550 473 607 dicam,
503 550 754 613 liquescere.
792 552 898 598 Non
928 551 1043 598 enim
1066 552 1209 599 subito
1228 553 1396 616 impulsi
1414 572 1462 602 ac
1480 573 1589 618 pro-

308 621 425 669 strati
452 623 594 670 sumus
625 641 634 668 :
664 623 899 686 carpimur.
930 623 1079 687 singuli
1106 624 1196 672 dies
1226 626 1391 689 aliquid
1421 627 1586 676 subtra-

309 695 420 741 hunt
446 694 625 742 viribus.
652 697 705 740 Et
724 695 818 758 quis
843 696 986 742 exitus
1011 696 1073 742 est
1098 697 1282 754 melior,
1309 715 1437 761 quam
1461 700 1506 746 in
1533 700 1587 747 fi-

307 783 410 814 nem
439 767 559 813 suum
579 803 591 824 ,
615 780 764 814 natura
795 767 1016 826 solvente,
1046 768 1214 815 dilabi?
1248 770 1353 814 Non
1386 770 1484 834 quia
1507 773 1586 819 ali-

308 839 417 902 quid
450 840 549 885 mali
579 840 640 887 est
676 840 811 897 iiius,
842 852 884 886 et
911 858 934 887 e
964 841 1052 888 vita
1083 841 1334 904 repentinus
1364 844 1589 892 excess'usz

309 912 383 959 sed
398 912 497 975 quia
518 913 624 960 lenis
644 914 749 960 haec
770 913 840 960 via
864 914 950 970 est,
971 914 1162 961 subduci.
1188 916 1282 978 Ego
1303 929 1444 974 certe,
1466 917 1588 965 velut

307 986 634 1049 appropinquet
652 986 996 1048 experimentum
1017 1023 1030 1042 ,
1063 999 1105 1034 et
1124 987 1193 1033 ille
1219 987 1382 1034 laturus
1412 987 1586 1035 senten-
1627 1004 1630 1005 ’

306 1055 412 1103 tiam
440 1057 493 1103 de
514 1058 717 1103 omnibus
737 1057 858 1104 annis
878 1058 986 1104 meis
1007 1059 1097 1105 dies
1121 1058 1318 1116 venerit,
1341 1059 1398 1105 ita
1415 1075 1486 1106 me
1503 1061 1587 1106 ob-

306 1129 438 1177 servo
463 1142 504 1176 et
531 1131 763 1194 alloquor:
788 1130 907 1176 Nihil
933 1130 1019 1189 est,
1048 1130 1225 1194 inquam
1243 1166 1256 1188 ‚
1275 1131 1441 1189 adhuc,
1463 1132 1586 1195 quod

306 1217 380 1251 aut
408 1205 536 1251 rebus
571 1216 644 1250 aut
672 1203 816 1250 verbis
850 1203 1136 1250 exhibuimus.
1168 1203 1282 1251 levia
1312 1204 1407 1250 sunt
1435 1203 1511 1251 ista
1540 1218 1584 1253 et

307 1275 470 1322 fallacia
505 1275 686 1338 pignora
724 1274 886 1332 animi,
922 1275 1156 1338 multisque
1186 1274 1388 1322 involuta
1413 1275 1586 1323 lenoci-

306 1348 389 1394 niis
412 1366 421 1393 :
448 1347 554 1410 quid
584 1346 879 1411 profecerim,
907 1347 1041 1393 morti
1071 1347 1313 1394 crediturus
1344 1348 1451 1395 sum.
1479 1349 1586 1396 Non

305 1419 460 1467 timide
492 1419 634 1483 itaque
661 1433 914 1481 componor
941 1419 995 1464 ad
1022 1418 1146 1464 illum
1167 1419 1308 1474 diem,
1331 1436 1422 1482 quo
1442 1437 1587 1468 remo·

306 1492 359 1539 tis
382 1491 569 1554 strophis
597 1508 646 1539 ac
672 1491 810 1549 fucis,
830 1492 884 1539 de
908 1508 978 1538 me
999 1490 1267 1538 iudicaturus
1294 1492 1411 1551 sum,
1438 1505 1584 1540 utrum

306 1566 464 1630 loquar
491 1564 645 1623 fortia,
676 1582 730 1611 an
762 1565 940 1612 sentiam
965 1583 976 1611 :
1005 1564 1219 1628 numquid
1246 1563 1456 1613 simulatio
1488 1567 1585 1614 fue-

306 1641 364 1686 rit
383 1653 424 1686 et
449 1639 607 1686 mimus
621 1676 634 1697 ,
654 1639 871 1704 quidquid
893 1651 1047 1686 contra
1062 1638 1287 1686 fortunam
1307 1640 1464 1687 iaftavi
1483 1658 1584 1688 ver-

306 1713 468 1760 borum
498 1712 838 1760 contumacium.
868 1714 1073 1760 Remove
1099 1712 1468 1765 existimationem
1501 1715 1585 1760 ho·

309 1788 479 1834 minum
509 1805 519 1833 :
554 1786 682 1833 dubia
708 1787 876 1850 semper
905 1787 991 1845 est,
1018 1799 1061 1834 et
1090 1787 1137 1833 in
1163 1799 1327 1849 partem
1352 1801 1584 1852 utramque

308 1861 537 1909 dividitur.
554 1863 757 1910 Remove
777 1860 912 1908 studia
927 1873 1064 1908 totam
1084 1860 1221 1909 vitam
1242 1863 1442 1910 traftata:
1460 1879 1583 1909 mors

307 1935 362 1982 de
386 1949 427 1982 te
446 1934 775 1998 pronuntiatura
800 1933 873 1981 est.
893 1936 954 1980 Ita
980 1933 1082 1981 dico
1097 1968 1110 1992 ‚
1138 1933 1447 1995 disputationes
1471 1946 1515 1980 et
1532 1934 1587 1980 li·

306 2021 440 2056 terata
468 2008 692 2072 colloquia
710 2044 722 2065 ‚
751 2019 793 2054 et
817 2025 871 2056 ex
897 2007 1137 2071 praeceptis
1164 2007 1421 2069 sapientium
1450 2007 1585 2054 verba

305 2082 515 2138 εοὶῑεεΕέ-ἃ,
544 2095 586 2127 et
618 2080 813 2128 eruditus
844 2081 987 2127 sermo
1005 2116 1017 2138 ‚
1042 2096 1134 2126 non
1165 2080 1398 2126 ostendunt
1428 2096 1585 2127 verum

306 2156 445 2203 robur
474 2154 618 2201 animi.
645 2153 705 2201 est
733 2154 849 2201 enim
879 2154 1023 2200 oratio
1050 2153 1178 2199 etiam
1214 2152 1489 2199 timidiffimis
1505 2169 1587 2198 au-

306 2228 403 2274 dax.
424 2227 530 2290 quid
552 2227 689 2290 egeris
708 2263 721 2284 ‚
742 2238 845 2273 tunc
865 2225 1113 2288 apparebit,
1137 2242 1237 2272 cum
1259 2225 1448 2270 animam
1473 2235 1595 2285 ages.>

307 2301 495 2363 Accipio
509 2301 829 2357 conditionem,
850 2316 940 2345 non
960 2298 1205 2345 reformido
1223 2297 1444 2344 iudicium.
1463 2296 1584 2343 Haec

307 2392 482 2423 mecum
502 2375 666 2436 loquor
688 2391 698 2420 :
719 2372 790 2419 sed
815 2388 964 2420 tecum
995 2387 1174 2434 quoque
1199 2387 1269 2416 me
1288 2370 1484 2416 locutum
1505 2383 1585 2429 pu-

305 2461 362 2495 ta.
392 2447 539 2494 Iunior
564 2446 640 2493 es?
670 2446 780 2509 quid
807 2445 973 2492 refert?
1002 2461 1093 2490 non
1115 2445 1442 2490 dinumerantur
1469 2439 1586 2486 anni.

294 2523 524 2571 'incertum
546 2518 606 2568 est
622 2555 637 2578 ‚
667 2536 758 2584 quo
789 2530 831 2566 te
863 2519 968 2567 loco
999 2533 1121 2565 mors
1155 2516 1374 2579 exspectet
1397 2531 1408 2562 :
1435 2513 1582 2577 itaque
