1797 2956
275 160 363 223 298
511 160 890 208 L.ANNAEI
941 161 1293 212 SENECAE

275 268 327 324 ti,
348 266 520 326 exsilio,
542 268 678 313 malae
699 267 961 326 valetudini,
980 270 1206 317 doloribus
1220 307 1233 327 ‚
1253 288 1453 336 quaeque
1471 272 1550 319 alia
1616 298 1617 305 κ

274 354 348 387 aut
372 341 516 386 minus
544 353 627 387 aut*
645 341 778 404 magis
809 342 1140 403 pertimuimus:
1170 355 1241 389 aut
1268 345 1453 401 malitia,
1479 358 1551 391 aut

272 414 411 460 virtus
430 414 500 459 dat
521 414 626 459 boni
660 416 730 460 vel
750 415 850 459 mali
873 431 1048 461 nomen.
1077 417 1209 462 Massa
1229 433 1304 477 per
1324 416 1364 462 se
1384 434 1463 463 nec
1481 434 1553 464 ca-

275 485 361 532 lida
375 522 387 542 ‚
407 503 486 532 nec
507 485 662 549 frigida
681 486 753 532 est.
781 486 824 532 in
842 486 1068 534 fornacem
1090 489 1286 536 coniezsta
1305 489 1521 536 concaluit
1540 507 1552 537 ε

274 557 321 605 in
340 575 495 620 aquam
514 558 684 604 remiffa
705 558 889 605 refrixit.
907 562 1030 607 Mors
1052 561 1230 610 honesta
1251 562 1331 619 est,
1353 579 1430 625 per
1447 563 1553 608 illud

275 632 399 694 quod
429 631 658 678 honestum
677 632 766 678 est:
789 633 833 678 id
852 632 913 679 est
932 634 1069 680 virtus
1085 671 1099 691 ‚
1125 647 1167 681 et
1194 636 1363 682 animus
1379 652 1555 682 externa

273 716 574 750 contemnens.
601 704 671 750 Est
697 722 739 751 et
756 706 912 751 horum
928 741 941 763 ‚
969 708 1133 762 Lucili,
1161 725 1271 771 quae
1291 709 1555 771 appellamus

273 777 419 823 Media
435 814 447 835 ,
468 779 630 840 grande
660 779 906 826 discrimen.
940 781 1045 826 Non
1067 783 1182 828 enim
1204 782 1259 828 sic
1279 799 1398 828 mors
1417 782 1556 829 indif-

273 849 416 897 ferens
440 850 530 906 est,
565 853 800 914 quomodo
830 865 974 897 utrum
1007 853 1188 915 capillos
1218 871 1342 917 pates
1369 854 1524 900 habeas
1541 887 1554 909 ‚

272 940 440 969 necne:
463 940 584 971 mors
617 924 730 970 inter
756 924 826 969 illa
852 924 942 980 est,
968 942 1096 988 quae·
1114 926 1223 972 mala
1258 926 1434 989 quidem
1467 944 1557 973 non

273 993 396 1052 funt,
433 1011 577 1042 tamen
600 996 758 1042 liabent
783 998 883 1042 mali
910 996 1109 1058 speciem.
1136 997 1208 1043 Sui
1236 1015 1362 1044 amor
1393 998 1452 1044 est
1469 1034 1480 1051 ,
1516 1012 1558 1045 et

272 1069 556 1128 permanendi
575 1070 951 1132 conservandique
973 1070 1011 1115 se
1032 1069 1150 1115 insita
1171 1072 1375 1117 voluntas
1392 1107 1404 1126 ‚
1430 1087 1557 1135 atque

273 1138 518 1200 aspernatio
553 1139 844 1188 diffolutionis
875 1159 887 1187 :
915 1144 1018 1204 quia
1054 1142 1231 1188 videtur
1266 1146 1397 1188 multa
1429 1145 1556 1191 nobis

274 1212 392 1258 bona
427 1213 621 1275 eripere,
652 1228 695 1260 et
717 1231 797 1260 nos
829 1231 881 1260 ex
913 1216 994 1261 hac
1025 1215 1094 1261 cui
1118 1215 1382 1261 assuevimus
1413 1234 1555 1261 rerum

274 1283 402 1346 copia
433 1284 633 1332 educere.
687 1286 758 1331 illa
789 1302 967 1349 quoque
1001 1304 1069 1333 res
1100 1288 1232 1332 morti
1265 1302 1345 1333 nos
1371 1288 1556 1345 alienat,

274 1360 398 1422 quod
425 1361 532 1406 'naec
561 1361 645 1406 iam
677 1361 910 1406 novimus:
930 1361 998 1406 illa
1024 1361 1078 1406 ad
1106 1378 1219 1424 quae
1246 1361 1457 1408 transituri
1488 1363 1558 1408 su-

274 1451 393 1491 mus,
423 1434 638 1481 nescimus
657 1433 796 1497 qualia
818 1434 921 1492 sint,
937 1447 978 1480 et
994 1434 1224 1481 horremus
1240 1435 1400 1499 ignota.
1420 1437 1463 1481 N
1467 1451 1559 1482 atu-

273 1508 372 1565 ralis
391 1520 612 1570 praeterea
631 1503 906 1553 tenebrarum
930 1522 1070 1553 metus
1090 1507 1150 1554 est
1167 1544 1180 1564 ‚
1209 1508 1250 1553 in
1273 1525 1378 1570 quas
1395 1509 1557 1555 adduc·

277 1593 372 1626 tura
399 1597 520 1627 mors
547 1581 748 1627 creditur.
769 1583 919 1634 Itaque
947 1580 1107 1626 etiamfi
1128 1581 1381 1628 indifferens
1413 1599 1559 1638 mors,

276 1669 370 1699 non
398 1667 544 1698 tamen
577 1653 688 1699 inter
720 1670 772 1699 ea
796 1653 856 1698 est
884 1670 996 1716 quae
1024 1652 1151 1699 facile
1180 1653 1335 1717 negligi
1365 1653 1557 1716 possint:

278 1742 436 1786 magna
463 1724 776 1771 exercitatione
805 1725 1026 1771 durandus
1057 1725 1118 1772 est
1148 1725 1346 1780 animus,
1378 1738 1426 1771 ut
1452 1743 1560 1772 con-

277 1796 473 1860 spe&um
503 1798 594 1844 eius
617 1798 923 1860 accessumque
951 1800 1148 1861 patiatur.
1184 1801 1305 1844 Mors
1336 1799 1560 1844 contemni

278 1871 410 1918 debet
437 1870 603 1934 magis,
640 1888 775 1934 quam
805 1871 929 1918 solet.
957 1872 1089 1917 multa
1116 1871 1233 1916 enirn
1256 1870 1308 1916 de
1326 1870 1396 1916 illa
1416 1871 1559 1917 credi-

276 1962 375 1991 mus
396 1962 406 1990 ε
431 1945 670 1991 multorum
696 1943 883 2007 ingeniis
901 1955 1111 1990 certatum
1130 1943 1212 2001 est,
1241 1944 1298 1990 ad
1316 1944 1558 2005 augendam

279 2017 372 2064 eius
390 2008 627 2062 infamiam.
647 2016 905 2077 Descriptus
923 2015 982 2062 est
1002 2033 1149 2062 carcer
1166 2014 1386 2071 infernus,
1403 2029 1444 2061 et
1463 2032 1560 2078 per-

276 2103 409 2151 petua
440 2090 568 2136 nexile
602 2088 801 2151 oppressa
835 2088 990 2152 regio,
1029 2089 1074 2135 in
1104 2106 1192 2153 qua
1223 2089 1379 2153 ingens
1399 2089 1560 2136 ianiior

279 2164 391 2211 Orci
417 2199 432 2221 ‚

349 2272 458 2336 Offa
476 2272 606 2334 fitper
626 2275 821 2319 recubans
848 2289 969 2318 antro
990 2273 1146 2334 femestz
1176 2289 1366 2330 amento,

346 2349 573 2391 Aeternum
600 2348 764 2391 latrans
791 2345 1018 2408 exstingues
1053 2347 1210 2391 territat
1229 2348 1410 2392 umbras..

280 2453 362 2500 Sed
382 2453 510 2500 etiam
533 2471 630 2500 cum
647 2453 901 2517 &riuaferis
915 2453 1013 2500 istas
1026 2453 1316 2511 falmlasveffe⁹
1334 2469 1412 2499 nec
1432 2452 1557 2516 quid*-
