1797 2956
296 168 389 215 ΒΨ
522 153 1315 211 L.ANNAarsENECAE

291 257 452 303 bellum
474 254 718 304 Troianum
739 259 991 320 complexus
1012 259 1087 306 est.
1107 261 1244 308 Huius
1265 262 1327 308 rei
1346 279 1581 327 argumen*

293 345 387 378 tum
417 329 563 377 afferel
564 345 623 375 >at
638 331 794 392 ,quod
822 332 927 377 duas
943 331 1118 378 literas
1109 350 1151 378 m
1170 334 1318 396 primo
1350 335 1475 382 versu
1498 354 1581 399 po-

292 406 439 453 suisset
467 423 518 451 ex
544 366 667 450 indii
657 404 752 449 {ria
774 404 985 452 librorum
1010 405 1185 453 suorum
1216 425 1444 455 numerum
1466 427 1578 458 con-

291 479 489 525 tinentes.
518 479 643 524 Talia
676 477 778 524 sciat
810 490 1015 539 oportet,
1051 478 1127 542 qui
1160 497 1216 525 m=
1207 481 1294 526 ¹ilta
1329 482 1423 528 vult
1454 484 1579 532 scire

287 551 395 596 Non
416 552 484 598 vis
504 552 717 614 cogitare,
741 562 952 613 quantum
977 552 1191 613 temporis
1210 553 1289 600 tibi
1309 555 1471 602 auferat
1488 575 1580 604 ma-

291 623 332 668 la
360 624 570 670 valetudo
591 660 603 682 ‚
638 639 849 688 quantum
876 625 1116 685 occupatio
1143 625 1342 687 publica,
1367 644 1580 692 quantum

291 697 531 759 occupatio
555 699 727 760 privata
744 733 757 756 ‚
788 700 999 761 quantum
1035 699 1272 760 occupatio
1297 703 1580 764 quotidiana,

291 784 504 833 quantum
528 771 718 817 somnus.
749 771 905 816 metire
937 781 1119 815 aetatem
1148 783 1297 819 tuam':
1331 786 1419 820 tam
1446 777 1581 823 multa

292 859 385 889 non
406 846 537 908 capit.
566 847 638 892 De
664 844 914 891 liberalibus
943 843 1089 889 studiis
1115 844 1309 908 loquor:
1329 847 1579 912 philosophi

294 931 508 980 quantum
528 918 689 965 habent
715 916 1002 981 supervacui?
1030 930 1242 981 quantum
1268 920 1323 964 ab
1351 920 1428 966 usu
1457 938 1601 969 rece-2

292 991 464 1037 dentis?
497 992 577 1053 [psl
606 1008 789 1055 quoque
816 993 869 1037 ad
890 990 1151 1055 syllabarum
1180 991 1503 1052 distinfflones‚
1537 1008 1581 1043 et

291 1062 658 1109 coniunffionum
689 1080 739 1110 ac
771 1061 1144 1126 praepositionum
1180 1064 1469 1126 proprietates
1503 1067 1580 1112 dea

290 1132 578 1191 scenderunt,
606 1135 869 1183 etinvidere
893 1134 1213 1199 grammaticis·⁹
1241 1134 1441 1182 invidere
1473 1154 1580 1201 geo·

293 1206 454 1254 metris.
493 1205 728 1271 Quidquid
769 1208 813 1254 in
849 1208 1025 1254 illorum
1063 1209 1224 1256 artibus
1259 1210 1579 1272 supervacuum

290 1290 408 1332 erat,
443 1278 732 1327 transtulere
721 1297 766 1326 m
798 1279 928 1326 suam.
963 1280 1034 1326 Sic
1061 1279 1262 1327 effe-stum
1290 1282 1375 1340 est,
1404 1296 1452 1330 ut
1483 1286 1575 1331 dili-

291 1354 464 1416 gentius
492 1354 651 1401 scirent
668 1334 792 1418 loqui
809 1390 822 1412 ‚
848 1372 981 1418 quam
1001 1355 1168 1402 vivere.
1198 1355 1311 1401 Audi
1331 1371 1580 1424 ‚guantum

287 1428 390 1473 mali
423 1427 553 1475 faciat
574 1429 709 1476 nimia
737 1429 967 1487 subtilitas,
1001 1442 1044 1476 et
1073 1446 1203 1492 quam
1225 1430 1376 1477 infesta
1406 1433 1578 1480 veritati

289 1499 352 1547 fit.
371 1504 634 1567 Protagoras
651 1504 725 1563 ait,
742 1505 796 1551 de
813 1504 937 1551 omni
959 1521 1003 1551 re
1023 1504 1066 1549 in
1087 1515 1314 1567 utramque
1329 1517 1494 1566 partem
1513 1506 1578 1553 di·

286 1573 447 1637 sputari
465 1577 601 1638 posse,
613 1594 667 1625 ex
685 1595 841 1642 aequo.
860 1592 903 1625 et
917 1578 971 1624 de
989 1577 1068 1624 hac
1086 1577 1190 1641 ipsa,
1211 1595 1264 1623 an
1285 1578 1430 1625 omnis
1447 1595 1514 1626 res
1529 1580 1577 1627 in

287 1663 522 1715 utramque
539 1665 706 1715 partem
727 1653 992 1716 disputabilis
1013 1653 1074 1699 sit.
1105 1652 1402 1714 Naufiphanes
1427 1654 1504 1710 ait,
1523 1672 1578 1702 ex

286 1723 354 1770 his
371 1740 484 1787 quae
495 1726 705 1773 videntur
716 1725 816 1783 effe,
833 1725 937 1772 nihil
958 1725 1093 1788 magis
1105 1725 1207 1783 effe,
1221 1739 1349 1785 quam
1366 1742 1457 1772 non
1478 1726 1578 1773 effe.

287 1797 568 1844 Parmenides
587 1797 661 1855 ait,
677 1817 730 1847 ex
746 1799 811 1845 his
827 1816 939 1862 quae
957 1799 1179 1856 videntur,
1195 1797 1299 1843 nihil
1319 1797 1402 1844 effe
1422 1798 1465 1844 in
1481 1799 1578 1846 uni*-

290 1871 477 1918 versum.
492 1871 647 1918 Zenon
666 1872 830 1919 Eleates
843 1872 993 1918 omnia
1008 1871 1182 1936 negotia
1198 1871 1251 1918 de
1267 1872 1449 1935 negotio
1469 1872 1578 1919 deie-

286 1946 369 1993 cit:
386 1945 444 1991 ait
465 1946 572 1991 nihil
589 1945 684 1993 effe.
705 1946 834 1992 Circa
851 1946 1003 1992 eadem
1027 1944 1117 1992 fere
1144 1944 1384 2024 Pyrrhonii
1405 1944 1578 1991 versan-

285 2033 371 2074 tur,
392 2033 434 2065 et
449 2018 677 2082 Megarici,
693 2031 735 2064 et
751 2019 952 2075 Eretrici,
973 2017 1292 2075 etAcademici,
1309 2017 1384 2080 qui
1406 2033 1575 2063 novam

285 2094 504 2139 duxerunt
526 2091 777 2150 scientiam,
804 2092 909 2139 nihil
930 2093 1049 2140 scire.
1077 2093 1198 2138 Haec
1218 2090 1369 2138 omnia
1388 2089 1433 2136 in
1450 2089 1575 2136 illum

285 2164 602 2228 supervacuum
631 2164 871 2212 studiorum
904 2166 1149 2212 liberalium
1181 2181 1360 2229 gregem
1387 2163 1575 2212 coniice.

284 2238 346 2284 mi
375 2237 483 2284 mihi
507 2255 600 2285 non
619 2239 891 2302 profuturam
927 2238 1147 2286 scientiam
1175 2239 1368 2295 tradunt,
1391 2236 1433 2282 hi
1453 2236 1575 2299 spem

285 2313 433 2360 omnis
451 2313 654 2361 scientiae
673 2314 863 2377 eripiunt
884 2331 895 2357 ε
922 2313 1048 2360 satius
1066 2311 1127 2360 est
1148 2313 1415 2375 supervacua
1440 2310 1576 2368 scire,

282 2405 416 2451 quam
448 2390 567 2436 nihil.
606 2391 672 2436 Illi
711 2407 804 2436 non
835 2389 1087 2453 praeferunt
1117 2390 1296 2444 lumen,
1335 2404 1411 2449 per
1449 2386 1572 2450 quod

281 2463 396 2510 acies
424 2463 635 2528 dirigatur
664 2465 720 2511 ad
745 2482 901 2513 verum
923 2483 933 2511 :
956 2465 1002 2511 hi
1020 2464 1176 2511 oculos
1201 2463 1311 2510 mihi
1335 2460 1572 2510 effodiunt.
