1780 2988
557 163 1128 212 EPISTOLAE.
1384 167 1477 231 389

206 270 278 320 est.
306 272 512 335 impletur
539 286 682 317 autem
699 307 710 328 ,
738 287 837 317 cum
868 270 1036 317 animus
1063 269 1139 316 fibi
1165 269 1331 317 bonum
1356 273 1480 318 suum

205 345 423 399 reddidit,
454 356 495 389 et
526 342 580 387 ad
615 342 656 388 se
691 341 946 403 potestatem
979 341 1041 388 sui
1076 342 1302 388 transtulit.
1357 344 1482 402 Quid

204 416 324 463 illum
349 414 571 478 oftoginta
606 414 707 460 anni
737 414 918 469 iuvant,
955 431 1032 476 per
1064 413 1264 462 inertiam
1301 418 1479 464 exaffi?

204 507 296 536 non
327 489 438 536 vixit
467 487 572 541 iste,
606 488 677 534 sed
706 487 751 533 in
780 487 872 533 vita
905 497 1097 533 moratus
1136 486 1230 534 est:
1268 505 1347 536 nec
1383 489 1479 536 sero

206 574 405 608 mortuus
436 560 517 617 est,
542 560 614 606 sed
639 559 726 605 diu.
761 558 998 621 O&oginta
1028 560 1151 606 annis
1182 559 1309 607 vixit.
1342 564 1481 608 Inter-

203 635 289 691 est,
313 647 501 682 mortem
531 635 622 680 eius
649 651 704 680 ex
732 650 823 696 quo
843 633 912 679 die
933 633 1158 680 numeres!
1202 638 1258 681 At
1277 635 1346 682 ille
1367 636 1481 684 obiit

203 708 390 755 viridis:
418 707 492 753 sed
525 705 672 752 officia
707 705 816 753 boni
849 704 990 762 civis,
1026 705 1132 751 boni
1167 706 1335 765 amici,
1371 705 1480 753 boni

205 780 283 826 filii
313 781 536 827 exsecutus
565 779 654 825 est:
681 779 726 825 in
758 778 872 825 nulla
901 791 1020 840 parte
1046 779 1235 826 ceffavit.
1276 780 1375 828 licet
1392 781 1484 828 eius

201 866 312 899 aetas
331 851 581 914 imperfe&a
600 850 667 904 fir,
694 849 786 897 vita
810 849 995 912 perfei'ta
1023 850 1097 897 est.
1143 852 1379 914 Ofioginta
1405 870 1481 900 an-

203 926 267 971 nis
302 925 427 972 vixit.
456 926 599 970 Immo
631 922 856 986 0&0ginta
883 922 1005 969 annis
1033 922 1144 969 fuit:
1170 923 1245 968 nifi
1272 923 1391 971 forte
1423 925 1481 973 sic

202 996 351 1042 vixisse
370 1013 469 1043 eum
493 995 620 1052 dicis,
649 995 882 1056 quomodo
911 995 1117 1041 dicuntur
1146 995 1323 1043 arbores
1354 999 1482 1044 vive-

200 1084 260 1113 re.
296 1067 497 1114 Obsecro
520 1078 589 1124 te,
616 1066 676 1112 mi
704 1066 871 1124 Lucili,
898 1066 984 1112 hoc
1008 1082 1188 1128 agamus
1207 1082 1221 1122 ;
1242 1082 1288 1113 ut
1320 1084 1474 1130 quem-

199 1140 440 1185 admodum
473 1138 661 1201 pretiosa
687 1155 830 1185 rerum
848 1174 862 1196 ‚
891 1139 948 1184 fic
977 1139 1068 1186 vita
1101 1139 1246 1184 nostra
1274 1156 1364 1185 non
1400 1157 1477 1203 pa-

199 1226 286 1260 teat
315 1213 528 1270 multum,
555 1212 627 1260 sed
659 1213 851 1259 multum'
876 1213 1049 1275 pendat.
1087 1213 1200 1258 Αέὶιι
1230 1212 1347 1259 illam
1379 1231 1475 1261 me-

198 1286 381 1342 tiamur,
417 1301 508 1331 non
540 1295 752 1347 tempore.
791 1284 871 1331 Vis
907 1284 1042 1342 scire,
1072 1283 1180 1347 quid
1214 1284 1326 1331 inter
1355 1286 1472 1335 hunc

199 1357 365 1403 interfit
401 1369 607 1420 vegetum
638 1368 1048 1419 contemtoremque
1080 1356 1311 1414 fortunae,
1346 1357 1475 1405 func·-

198 1443 292 1476 tum
333 1429 538 1476 omnibus
571 1430 686 1476 vitae
724 1429 936 1475 humanae
971 1428 1227 1491 stipendiis,
1261 1443 1392 1493 atque
1426 1432 1471 1477 in

197 1502 414 1549 summum
448 1502 616 1547 bonum
645 1501 736 1548 eius
762 1501 993 1559 ενεξὶιιτη,
1021 1518 1064 1548 et
1096 1501 1215 1548 illum
1249 1503 1317 1550 cui
1347 1505 1472 1551 multi

198 1575 309 1620 anni.
325 1572 551 1620 transmiffi
572 1572 666 1619 sunt
686 1573 704 1619 ?
729 1572 832 1619 alter
860 1573 957 1633 post
975 1587 1165 1620 mortem
1195 1593 1372 1639 quoque
1393 1578 1472 1636 est,

197 1647 304 1692 alter
336 1658 434 1691 ante
462 1657 653 1691 mortem
691 1645 834 1707 periit.
881 1646 1125 1693 Laudemus
1155 1647 1326 1711 itaque,
1361 1666 1407 1697 et-
1427 1652 1479 1698 in·

197 1735 384 1766 numero
415 1717 617 1782 feliciumx
641 1734 903 1779 reponamus
938 1736 1038 1765 eum
1056 1755 1069 1776 ‚
1091 1720 1167 1766 cui
1193 1724 1472 1783 quantulum-

197 1809 373 1854 cunque
395 1789 608 1853 temporis
620 1790 833 1852 contigit,
866 1792 976 1837 bene
993 1791 1258 1838 collocatum
1286 1795 1359 1840 est.
1390 1796 1470 1843 Vi·
1520 1823 1523 1826 ·
1595 1786 1597 1789 ⁵

196 1867 261 1912 dit
284 1866 402 1913 enim
429 1881 581 1914 veram
609 1865 753 1911 lucem
775 1900 789 1921 ‚
819 1882 910 1912 non
943 1866 1028 1913 fuit
1049 1883 1160 1913 unus
1190 1884 1215 1914 e
1241 1869 1401 1917 multis.
1426 1886 1470 1919 et

196 1940 336 1997 vivit,
375 1951 417 1986 et
447 1939 590 1997 vixit,
629 1951 671 1983 et
703 1938 857 2000 viguit.
903 1940 1152 2002 Aliquando
1181 1940 1334 1989 sereno
1371 1943 1469 1991 usus

195 2012 257 2058 est
279 2030 289 2058 :
309 2010 558 2074 aliquando,
578 2022 626 2055 ut
644 2009 772 2066 solet,
796 2010 930 2057 validi
953 2011 1098 2057 sideris
1118 2010 1262 2074 fulgo&
1281 2030 1356 2074 per
1385 2032 1467 2061 nu-

194 2083 279 2128 bila
303 2082 493 2129 emicuit.
528 2080 650 2141 Quid
682 2080 872 2143 quaeri8‚
898 2083 1105 2145 quamdiu
1131 2083 1325 2131 vixerit?
1357 2086 1466 2134 vixit

194 2156 247 2200 ad
275 2155 472 2217 posteros
505 2155 639 2217 usque
669 2171 679 2200 :
716 2154 942 2213 transiliit,
973 2166 1016 2202 et
1047 2155 1088 2201 se
1120 2156 1165 2201 in
1204 2160 1464 2208 memoriam

194 2227 324 2274 dedit.
364 2229 458 2274 Nec
491 2228 598 2273 ideo.
620 2226 727 2273 mihi
761 2227 904 2290 plures
930 2244 1069 2273 annos
1098 2230 1304 2276 accedere
1334 2248 1463 2279 recu-

193 2298 403 2345 saverim:
427 2298 534 2345 nihil
564 2311 710 2345 tamen
737 2299 791 2345 ad
820 2299 989 2346 beatam
1015 2301 1151 2346 vitam
1181 2301 1361 2350 defuiffe
1392 2305 1462 2351 di-

194 2387 290 2418 cam
311 2407 324 2429 ,
346 2371 375 2417 fi
409 2371 593 2433 spatium
617 2372 707 2418 eius
738 2371 957 2420 inciditur.
994 2375 1107 2420 Non·
1128 2375 1245 2421 enim
1273 2376 1327 2422 ad
1360 2394 1461 2424 eum

190 2444 306 2492 diem
340 2461 411 2492 me
443 2444 624 2507 aptavi,
657 2461 788 2509 quem
824 2445 1026 2494 ultimum
1060 2446 1167 2493 mihi
1204 2450 1297 2512 spes
1329 2451 1461 2500 avida

1069 2520 1145 2566 Bb
1181 2537 1204 2583 3
