1807 3004
302 180 358 244 553
541 187 589 233 L.
643 187 945 234 ANNAEI
993 190 1345 239 SENECAE

297 291 443 337 morsu
465 290 595 340 animi
617 295 691 342 tui.
723 297 844 356 Quid
864 297 980 344 enim
1004 300 1244 363 relinques,
1272 301 1391 364 quod
1412 300 1575 351 invitus

294 365 489 412 relictum
511 384 532 412 a
553 380 593 414 te
610 369 742 430 poffis
761 370 982 432 cogitare?
1005 373 1211 420 clientes?
1231 390 1419 436 quorum
1442 392 1576 422 nemo

296 451 340 482 te
364 437 504 498 ipsum
534 439 753 502 sequitur,
783 441 854 488 sed
878 444 1040 507 aliquid
1069 462 1123 492 ex
1149 459 1204 492 te.
1235 446 1447 493 Amicos?
1468 447 1576 495 olim

294 510 481 557 amicitia
502 515 746 576 petebatur,
768 533 883 564 nunc
903 518 1072 579 praeda.
1094 519 1325 565 Mutabunt
1344 519 1577 566 testamen-

294 592 336 626 ta
359 582 545 629 destituti
566 584 714 632 senes?
748 587 952 651 migrabit
972 590 1025 635 ad
1051 589 1169 636 aliud
1192 591 1322 636 limen
1343 590 1576 637 salutator?

295 670 385 700 non
407 657 548 718 potest
566 675 709 720 parvo
729 668 797 708 'res
816 679 969 725 magna
991 663 1201 711 constare.
1221 664 1409 710 Aestima
1430 677 1577 710 utrum

292 739 335 774 te
365 730 633 794 relinquere,
666 750 719 779 an
744 735 909 797 aliquid
934 752 986 782 ex
1021 737 1104 783 tuis
1129 737 1263 784 malis.
1294 737 1472 783 Utinam
1494 738 1574 783 tibi

290 802 472 863 quidem
503 804 719 855 senescere
751 809 992 872 contigisset
1017 810 1128 856 intra
1158 810 1361 856 natalium
1389 823 1573 857 tuorum

293 875 508 935 modum,
542 892 687 926 necte
715 879 761 926 in
791 881 922 927 altum
955 881 1135 929 fortuna
1165 881 1359 929 misisset!
1382 882 1503 928 Tulit
1534 896 1579 929 te

293 944 424 1011 longe
440 965 464 994 a
485 951 722 1014 conspe&u
740 953 855 1001 vitae
874 955 1049 1002 salubris
1067 954 1217 1017 rapida
1237 954 1419 1003 felicitas
1434 991 1448 1013 ,
1466 971 1578 1017 pro-

293 1018 439 1066 vincia
470 1035 512 1070 et
539 1026 820 1086 procuratio,
850 1040 892 1073 et
913 1027 1128 1091 quidquid
1156 1028 1209 1074 ab
1240 1027 1327 1075 istis
1356 1027 1580 1091 promitti-

291 1105 364 1137 tur
386 1111 396 1137 :
422 1095 588 1142 maiora
621 1098 778 1146 deinde
804 1101 948 1147 officia
980 1113 1022 1147 te
1042 1101 1294 1164 excipient,
1327 1114 1369 1148 et
1399 1119 1455 1148 ex
1485 1102 1580 1148 aliis

293 1164 390 1210 alia.
411 1167 522 1225 Quis
542 1169 682 1217 exitus
698 1172 807 1218 erit?
829 1173 935 1235 quid
955 1173 1200 1236 exspectas,
1222 1173 1366 1220 donec
1385 1172 1579 1220 definas?

293 1236 474 1298 habere,
491 1245 613 1305 quod
632 1245 810 1307 cupias?
832 1247 1070 1308 Nunquam
1091 1246 1172 1293 erit
1190 1259 1377 1309 tempus.
1390 1247 1579 1307 Qualem

293 1311 480 1361 dicimus
499 1316 581 1364 effe
601 1317 753 1366 seriem
775 1319 1000 1366 causarum
1016 1355 1029 1377 ‚
1059 1336 1112 1365 ex
1131 1319 1288 1382 quibus
1309 1319 1490 1367 nectitur
1513 1318 1582 1364 fa-

295 1397 420 1448 tum„
449 1389 577 1436 talem
610 1403 654 1437 et
688 1391 1009 1454 cupiditatum:
1041 1394 1175 1440 altera
1206 1411 1262 1440 ex
1291 1391 1379 1439 fine
1406 1391 1582 1440 alterius

293 1460 495 1508 nascitur.
520 1465 568 1510 In
596 1481 691 1512 eam
722 1465 922 1513 demissus
950 1483 994 1513 es
1014 1466 1150 1513 vitam
1169 1501 1183 1524 ‚
1219 1483 1328 1530 quae
1356 1481 1581 1529 nunquam

293 1534 372 1581 tibi
391 1537 660 1586 miseriarum
680 1541 919 1587 terminum
934 1558 983 1588 ac
1004 1541 1219 1590 servitutis
1235 1541 1325 1603 ipsa
1344 1540 1505 1587 fafitura
1518 1539 1584 1588 fit.

294 1607 472 1656 Subduc
512 1611 737 1660 cervicem
768 1613 876 1677 iugo
910 1614 1071 1662 tritam.
1104 1614 1235 1660 semel
1264 1613 1381 1659 illam
1419 1612 1583 1671 incidi,

295 1696 430 1742 quam
450 1683 619 1747 semper
638 1686 806 1749 premi,
833 1687 960 1734 satius
980 1687 1053 1734 est.
1079 1688 1122 1734 Si
1140 1700 1181 1734 te
1199 1687 1253 1733 ad
1273 1687 1440 1750 privata
1465 1697 1583 1732 retu-

295 1754 418 1814 leris,
454 1757 628 1806 minora
657 1773 785 1807 erunt
813 1760 990 1817 omnia,
1021 1761 1094 1807 sed
1112 1759 1278 1806 affatim
1308 1759 1581 1822 implebunt:

297 1840 341 1874 at
352 1846 468 1877 nunc
482 1831 669 1893 plurima
687 1848 730 1880 et
745 1833 940 1896 undique
954 1833 1117 1897 ingesta
1134 1849 1226 1878 non
1243 1831 1405 1879 satiant.
1417 1834 1581 1879 Utrum

296 1915 442 1949 autem
462 1904 631 1962 mavis,
661 1922 714 1952 ex
733 1906 885 1969 inopia
902 1907 1191 1964 saturitatem,
1226 1923 1280 1952 an
1307 1905 1351 1950 in
1367 1904 1498 1968 copia
1515 1904 1584 1951 fa-

298 1979 445 2022 mem?
469 1978 522 2024 Et
535 1978 662 2026 avida
681 1978 865 2026 felicitas
884 1979 970 2034 est,
995 1979 1215 2040 etalienae
1233 1977 1430 2026 aviditati
1447 1992 1585 2039 expo*

299 2047 389 2094 fita.
415 2049 644 2110 Quamdiu
661 2050 739 2097 tibi
757 2050 851 2098 satis
868 2051 974 2099 nihil
990 2052 1136 2110 fuerit,
1154 2051 1242 2114 ipse
1262 2050 1352 2098 aliis
1367 2066 1460 2096 non
1478 2049 1583 2117 eriS.

236 2128 240 2129 ⁷
301 2124 581 2184 Quomodo,
604 2124 773 2189 inquis,
803 2125 970 2174 exibo?
1004 2137 1239 2190 utcunque.
1273 2124 1433 2188 Cogita
1452 2141 1584 2188 quam

301 2196 435 2244 multa
454 2212 617 2246 temere
632 2214 716 2262 pro
734 2199 944 2261 pecunia,
964 2215 1097 2263 quam
1114 2198 1250 2245 multa
1266 2197 1483 2244 laboriose
1499 2212 1585 2260 pro

299 2270 476 2318 honore
495 2270 731 2319 tentaveris
749 2270 941 2336 :aliquid
959 2285 1002 2319 et
1019 2287 1102 2335 pro
1121 2270 1220 2318 otio
1238 2270 1486 2317 audendum
1504 2267 1587 2326 est,

303 2352 376 2388 aut
394 2341 439 2388 in
454 2341 531 2389 ista
548 2341 822 2389 solicitudine
848 2343 1206 2406 procurationum
1227 2378 1240 2400 ,
1263 2353 1305 2388 et
1328 2341 1484 2388 deinde
1511 2357 1585 2387 ur-

305 2414 522 2461 banorum
553 2416 826 2474 officiorum,
863 2416 1166 2462 senescendum
1207 2415 1251 2460 in
1284 2413 1501 2469 tumultu,
1533 2427 1588 2460 ac

256 2502 261 2508 “
304 2486 475 2552 semper
493 2488 625 2536 novis
642 2487 865 2546 ssuffibus,
884 2504 1002 2552 quos
1020 2486 1210 2553 effugere
1224 2487 1339 2536 nulla
1357 2483 1589 2545 modestia,
