1807 3004
539 185 1127 230 EPISTOLAE.
1385 202 1466 247 ¹25

200 294 311 340 mala
339 292 467 339 etiam
500 292 544 337 in
574 291 802 337 solitudine
833 290 957 337 anxia
989 306 1117 354 atque
1145 289 1310 338 solicita
1334 291 1405 337 est.
1430 292 1474 338 Si

200 367 378 415 honesta
409 368 529 422 sunt,
565 382 673 428 quae
707 365 841 422 facis,
870 380 1025 412 omnes
1053 364 1213 412 sciant:
1241 365 1270 410 fi
1301 365 1441 427 turpia
1459 401 1474 422 ‚

198 440 306 501 quid
335 439 467 484 refert
494 438 714 484 neminem
741 437 874 495 scire,
901 454 1004 483 cum
1033 450 1081 484 tu
1104 435 1232 484 scias?
1256 438 1300 484 O
1320 449 1361 484 te
1390 437 1474 483 mi-

201 513 336 559 serum
353 547 368 570 ,
387 510 417 557 fi
436 510 681 558 contemnis
702 511 817 557 hunc
836 508 1002 557 testem.

463 640 937 686 EPISTOLA
1018 638 1212 684 XLIV.

201 771 381 815 Pulchra
398 769 573 835 epistola.
592 770 724 812 Nemo
733 768 781 825 fi
801 786 826 811 a
832 767 962 832 stirpe
981 782 1236 824 contemnat,
1254 765 1306 829 fi
1317 770 1376 812 ad
1388 771 1477 812 Sa·-

225 847 430 906 pientiam
445 878 460 902 ‚
478 845 526 888 id
541 843 593 908 «ss
608 845 805 888 Virtutem
819 878 833 899 ,
852 843 975 889 venit.
995 842 1114 886 Haec
1119 842 1218 901 sbla
1238 843 1445 889 nobilitat.

1111 965 1120 984 Χ

204 951 470 1066 HTERUM
498 1024 545 1060 tu
572 1013 683 1059 mihi
705 1025 748 1059 te
776 1011 971 1074 pusillum
996 1011 1131 1066 facis,
1158 1023 1201 1057 et
1226 1011 1357 1068 dicis,
1384 1029 1479 1058 ma-

202 1089 361 1152 lignius
377 1100 520 1133 tecum
537 1085 669 1148 egisse
684 1098 879 1131 naturam
894 1084 1038 1146 prius,
1051 1084 1206 1131 deinde
1227 1084 1478 1132 fortunam?

202 1179 303 1208 cum
334 1160 466 1223 possis
494 1175 536 1206 te
557 1158 748 1205 eximere
767 1158 902 1220 vulgo
918 1192 931 1215 ‚
960 1170 1004 1203 et
1024 1156 1078 1203 ad
1102 1155 1348 1204 felicitatem
1378 1174 1479 1204 orn-

201 1234 321 1280 nium
341 1233 577 1279 maximam
606 1246 844 1292 emergere.
864 1229 906 1274 Si
927 1229 1033 1291 quid
1055 1229 1170 1275 aliud
1192 1229 1253 1275 e²st
1271 1230 1314 1274 in
1336 1230 1483 1292 philo-

203 1307 356 1369 sophia
388 1305 520 1362 boni,
555 1305 641 1351 hoc
674 1304 733 1350 est
752 1338 765 1359 ‚
797 1304 922 1365 quod
958 1302 1140 1349 stemma
1174 1320 1267 1349 non
1296 1304 1482 1367 inspicit.

203 1379 372 1424 Omnes
402 1375 431 1421 si
462 1377 514 1422 ad
548 1375 736 1438 primam
767 1374 982 1435 originem
1022 1386 1317 1432 revocentur,
1345 1391 1370 1421 a
1402 1375 1483 1422 diis

202 1450 309 1496 sunt.
333 1452 476 1510 Eques
504 1450 731 1493 Romanus
750 1463 794 1492 es
809 1478 822 1500 ,
845 1459 888 1492 et
907 1445 960 1491 acl
987 1445 1103 1492 hunc
1122 1446 1324 1493 ordinem
1342 1462 1415 1494 tua
1440 1459 1482 1493 te

203 1522 406 1585 perduxit
435 1520 643 1567 industria
665 1540 673 1564 :
695 1532 737 1565 at
759 1519 1025 1565 mehercules
1044 1519 1192 1566 multis
1215 1521 1483 1582 quatuorde-
1554 1530 1555 1534 ’

204 1598 290 1643 cim
319 1596 415 1643 sunt
447 1592 588 1644 claufi.
620 1595 726 1640 Non
759 1609 915 1639 omnes
944 1593 1065 1639 curia
1093 1593 1285 1640 admittit
1311 1611 1322 1640 :
1349 1594 1484 1642 castra

203 1685 383 1731 quoque
420 1684 533 1731 quos
563 1667 617 1713 ad
650 1666 844 1712 laborem
879 1676 922 1712 et
964 1665 1208 1727 periculum
1237 1666 1486 1730 recipiunt,

205 1741 423 1788 fastidiose
450 1742 610 1803 legunt.
634 1740 755 1785 Bona
783 1755 906 1785 mens
926 1738 1134 1786 omnibus
1164 1751 1310 1800 patet:
1331 1755 1487 1788 omnes

205 1816 257 1862 ad
285 1815 373 1862 hoc
398 1814 540 1861 sumus
565 1811 749 1858 nobiles.
777 1828 858 1859 nec
891 1810 1036 1858 reiicit
1062 1828 1310 1874 quenquam
1334 1812 1486 1875 philo-

206 1887 359 1950 sophia
374 1922 387 1942 ,
415 1904 494 1933 nec
511 1885 630 1949 eligit
650 1903 659 1931 :
679 1885 886 1932 omnibus
911 1884 1041 1932 lucet.
1058 1885 1267 1932 Patricius
1287 1886 1486 1934 Socrates

206 1978 300 2008 non
319 1959 424 2005 fuit:
442 1959 673 2006 Cleanthes
696 1974 851 2021 aquam
871 1957 1027 2015 traxit,
1044 1969 1088 2004 et
1106 1957 1288 2021 rigando
1306 1958 1487 2006 hortulo

206 2032 371 2079 iocavit
394 2046 544 2077 manus
565 2048 576 2075 :
604 2030 829 2076 Platonem
860 2047 952 2077 non
980 2030 1149 2093 accepit
1171 2031 1367 2078 nobilem
1393 2031 1488 2093 phi-

207 2105 433 2167 losophia,
471 2105 541 2151 sed
572 2101 688 2150 fecit.
722 2104 844 2163 Quid
871 2103 931 2151 est
965 2120 1098 2167 quare
1127 2105 1323 2167 desperes
1351 2105 1415 2152 his
1444 2119 1487 2154 te

209 2179 331 2242 posse
354 2179 448 2225 fieri
475 2178 655 2241 parem?
687 2195 846 2226 omnes
867 2178 913 2225 hi
939 2178 1128 2226 maiores
1150 2180 1213 2226 tui
1237 2180 1358 2238 sunt,
1386 2180 1416 2226 fi
1445 2194 1488 2227 te

207 2254 287 2300 illis
310 2253 422 2317 geris
440 2253 633 2316 dignum.
663 2253 799 2300 Geres
819 2265 961 2299 autem
976 2288 991 2311 ‚
1015 2253 1045 2298 fi
1073 2253 1161 2301 hoc
1185 2254 1385 2316 protinus
1408 2253 1487 2300 tibi

208 2326 486 2388 persuaseris,
517 2343 540 2371 a
570 2326 692 2372 nullo
717 2340 758 2372 te
786 2326 1013 2373 nobilitate
1040 2326 1242 2389 superari.
1269 2325 1489 2373 Omnibus

209 2399 340 2444 nobis
357 2398 545 2445 totidem
567 2410 664 2444 ante
683 2415 766 2444 nos
783 2398 892 2446 sunt.
924 2397 1083 2445 nullius
1101 2415 1192 2446 non
1217 2399 1348 2462 origo
1376 2398 1488 2445 ultra

205 2472 466 2518 memoriam
493 2471 615 2520 iacet.
641 2472 765 2518 Plato
784 2472 843 2518 ait
862 2489 872 2518 :
894 2471 1132 2520 Neminem
1158 2488 1305 2536 regem
1325 2488 1415 2519 non
1432 2489 1485 2519 ez}
