1797 2956
326 158 418 221 382
583 157 638 206 L„
683 157 980 205 ANNAEI
1029 154 1371 203 SENECAE

324 267 425 312 dam
453 265 614 312 vestem
631 301 646 322 ,
668 265 815 311 animo
841 264 1131 312 circumdedit
1157 264 1480 312 :velamentum
1501 264 1595 312 eius

323 338 397 384 est.
439 338 551 398 Quis
579 351 722 383 autem
761 353 953 401 unquam
982 335 1234 385 vestimenta
1259 336 1500 385 aestimavit
1531 353 1600 383 ar—

321 411 446 458 cula?
478 412 572 456 Nec
603 411 800 467 bonum,
831 426 912 456 nec
940 410 1102 457 malum
1130 411 1285 475 vagina
1310 411 1497 475 gladium
1529 409 1599 457 fa-

320 486 394 531 cit.
429 487 545 547 Ergo
565 484 620 530 de
642 499 830 545 corpore
856 500 1035 546 quoque
1066 485 1183 531 idem
1213 486 1290 531 tibi
1311 485 1594 548 respondeoz

322 558 563 605 sumturum
598 557 774 620 quidem
809 573 880 603 me
899 591 912 611 ‚
941 557 972 602 fi
1005 556 1131 602 detur
1160 556 1336 614 eleffio,
1364 569 1407 602 ct
1441 557 1597 604 sanita-

322 642 412 676 tem
436 642 479 676 et
505 629 621 676 vires
647 647 658 675 ε
688 629 856 674 bonum
879 644 1025 676 autem
1051 628 1247 675 futurum
1263 664 1278 686 ‚
1305 628 1516 676 iudicium
1543 628 1598 674 de

319 700 402 748 illis
435 718 583 747 meum
604 737 618 758 ,
645 718 736 747 non
765 701 866 763 ipsa.
911 700 983 746 Est
1015 700 1217 763 quidem,
1243 699 1408 762 inquit,
1433 699 1598 762 sapiens

317 771 495 820 beatus:
545 774 760 820 summum
793 789 937 820 tamen
961 771 1067 818 illud
1098 772 1263 817 bonum
1298 786 1390 817 non
1415 770 1599 833 affequi-

320 859 422 906 tur,
456 847 532 893 nisi
569 846 629 893 illi
662 861 705 893 et
743 846 950 892 naturalia
977 845 1263 892 instrumenta
1296 844 1596 906 respondeant.

320 922 382 965 Ita
413 920 539 966 miser
561 919 741 982 quidem
764 918 848 964 effe
863 954 877 976 ‚
897 918 974 982 qui
991 918 1200 966 virtutem
1229 917 1379 974 habet,
1400 933 1488 962 non
1510 932 1596 978 po·—

321 992 431 1045 test;
459 992 721 1038 beatissimus
750 1007 892 1039 autem
913 1009 1005 1038 non
1023 991 1110 1050 est,
1133 991 1210 1054 qui
1236 991 1494 1038 naturalibus
1513 991 1596 1036 bo-

320 1064 386 1111 nis
415 1063 681 1120 destituitur,
706 1077 754 1110 ut
773 1064 1050 1119 valetudine,
1078 1074 1120 1109 et
1149 1063 1450 1110 membrorum
1481 1062 1597 1108 inte-

319 1136 488 1198 gritate.
534 1135 671 1195 Quod
704 1135 1001 1182 incredibilius
1029 1135 1204 1182 videtur
1224 1170 1238 1192 ‚
1274 1134 1320 1180 id
1355 1134 1559 1181 concedis
1579 1166 1594 1189 ‚

319 1209 507 1271 aliquem
531 1208 574 1253 in
602 1207 805 1254 maximis
837 1220 880 1254 et
903 1207 1122 1254 continuis
1145 1208 1370 1254 doloribus
1397 1224 1488 1253 non
1509 1207 1595 1254 effe

316 1281 522 1328 miserum
545 1313 559 1336 ,
591 1281 676 1328 esse
702 1281 831 1328 etiam
864 1281 1040 1327 beatum
1061 1298 1072 1327 :
1095 1281 1217 1344 quod
1248 1280 1389 1327 levius
1407 1278 1488 1336 est,
1519 1296 1595 1326 ne-

318 1369 392 1417 gas
410 1388 422 1409 ‚
455 1352 743 1399 beatiffimum
776 1351 874 1398 effe.
903 1351 1036 1413 Atqui
1063 1350 1094 1396 fi
1115 1349 1256 1414 potest
1283 1350 1421 1397 virtus
1448 1349 1595 1396 effice-

318 1440 394 1481 re,
422 1441 475 1470 ne
508 1423 635 1470 miser
666 1422 820 1484 aliquis
847 1422 925 1480 fit,
956 1421 1130 1470 facilius
1158 1420 1341 1479 efficiet,
1366 1431 1413 1466 ut
1436 1420 1595 1467 beatis-

316 1497 446 1543 fimus
469 1496 529 1543 fit.
566 1495 709 1543 minus
742 1495 859 1544 enim
894 1495 1111 1543 intervalli
1139 1512 1163 1540 a
1190 1495 1319 1541 beato
1352 1493 1407 1539 ad
1434 1492 1591 1539 beatis-

317 1571 472 1616 simum
500 1569 650 1627 restat,
679 1587 808 1633 quam
836 1586 859 1615 a
888 1568 1046 1615 misero
1071 1568 1126 1614 ad
1152 1568 1343 1614 beatum.
1388 1569 1456 1610 An
1482 1581 1592 1628 quae

315 1660 384 1690 res
401 1655 566 1689 tantum
594 1642 734 1699 valet,
752 1656 801 1688 ut
819 1652 1018 1704 ereptum
1035 1639 1345 1689 calamitatibus
1365 1637 1478 1685 inter
1493 1639 1593 1686 bea-.-

316 1730 385 1763 τος
408 1715 523 1761 locet
542 1731 551 1759 :
577 1730 666 1759 non
688 1713 829 1775 potest
851 1713 1036 1759 adiicere
1061 1712 1184 1775 quod
1201 1711 1414 1774 superest,
1435 1725 1480 1758 ut
1498 1713 1594 1758 bea·

316 1789 522 1837 tiffimum
553 1787 708 1833 faciat?
740 1789 784 1834 in
814 1789 985 1834 summo
1014 1785 1163 1832 deficit
1184 1787 1333 1833 clivo?
1369 1787 1591 1833 Commo-

317 1865 369 1910 da
401 1863 494 1909 sunt
522 1863 565 1908 in
597 1862 686 1909 vita
714 1874 755 1907 et
784 1862 1072 1909 incommoda
1098 1878 1110 1906 ε
1142 1872 1323 1923 utraque
1352 1871 1473 1905 extra
1497 1875 1591 1906 nos.
1614 1867 1619 1879 ⁹

317 1937 359 1982 Si
389 1951 480 1981 non
508 1933 568 1980 est
595 1933 721 1979 miser
749 1932 817 1981 vir
837 1935 1004 1989 bonus,
1031 1931 1230 1995 quamvis
1261 1931 1465 1978 omnibus
1491 1947 1594 1993 pre-

317 2021 460 2055 matur
488 2007 785 2054 incommodis
808 2025 819 2053 ε
851 2009 1085 2071 quomodo
1115 2025 1205 2054 non
1235 2007 1526 2064 beatissimus,
1550 2019 1594 2054 et

317 2082 348 2127 fi
376 2080 589 2144 aliquibus
621 2081 867 2128 commodis
893 2081 1119 2129 deficitur?
1163 2083 1276 2129 Nam
1303 2083 1592 2145 quemadmo-

317 2154 421 2201 dum
445 2154 835 2201 incommodorum
866 2171 1000 2201 onere
1026 2155 1159 2219 usque
1186 2156 1240 2202 ad
1264 2155 1468 2201 miserum
1499 2171 1592 2200 non

317 2226 600 2289 deprimitur,
629 2225 685 2273 fic
710 2228 1049 2274 commodorum
1070 2229 1218 2291 inopia
1246 2245 1337 2274 non
1365 2226 1591 2273 deducitur

318 2319 340 2347 a
367 2299 637 2347 beatiffimo:
660 2299 732 2346 sed
752 2313 840 2346 tam
866 2299 951 2348 fine
967 2302 1215 2348 commodis
1236 2300 1496 2348 beatiffimus
1513 2299 1590 2356 est,

318 2390 446 2435 quam
464 2389 553 2418 non
567 2372 628 2418 est
645 2373 721 2419 sub
735 2373 1028 2421 incommodis
1042 2374 1178 2421 miser.
1190 2376 1261 2420 An
1275 2391 1362 2419 non
1377 2371 1518 2436 potest
1529 2371 1589 2417 issi

316 2436 426 2509 eripi
442 2446 609 2493 bonum
629 2446 774 2507 suum,
792 2447 822 2493 fi
837 2447 982 2510 potest
1005 2447 1170 2509 minui?
1205 2448 1341 2494 Paulo
1359 2461 1456 2494 ante
1472 2446 1590 2492 dice-
