1780 2988
551 175 1125 225 EPISTOLAE.
1306 147 1476 238 >iio-7»

206 281 396 329 informe
419 296 729 345 perpurgatur;
769 275 936 330 videbis
967 296 1124 347 quanta
1157 283 1333 347 fuligine
1361 286 1477 331 obli·

206 366 374 402 nantur.
419 354 551 417 Atqui
586 355 660 399 ista
694 356 827 417 magis
858 356 1085 418 inquinant
1117 356 1315 414 animos,
1345 373 1476 417 quam

207 443 396 489 corpora
417 445 428 472 :
452 441 495 473 et
521 426 565 472 in
592 428 827 489 pofi'effore
852 445 1003 475 eorum
1023 463 1036 485 ‚
1063 445 1193 491 quam
1221 428 1264 473 in
1286 427 1476 484 artifice,

206 499 302 559 plus
322 498 381 544 est
409 497 614 544 sordium.
646 499 941 546 Necessarium
966 499 1108 562 itaque
1137 500 1196 546 est
1216 500 1478 556 admoneri,

205 583 250 616 et
279 570 437 617 habere
464 571 650 633 aliquem
683 573 948 617 advocatum
981 572 1122 618 bonae
1153 572 1331 627 mentis,
1366 589 1477 631 eque

204 652 326 687 tanto
356 641 534 687 fremitu
561 643 834 704 tumultuque
866 642 1095 700 falsorum,
1131 662 1258 690 unam
1291 645 1479 707 denique

204 714 356 759 audire
383 729 558 759 vocem.
588 715 713 770 Quae
732 713 813 777 erit
840 713 908 758 illa
929 714 1054 759 vox?
1084 732 1133 760 ea
1154 716 1337 770 scss'Icet‚
1369 733 1479 778 qnae

204 785 283 831 tibi
309 785 436 833 tantis
456 786 722 832 clamoribus
747 786 983 833 ambitiosis
1009 788 1238 834 exsurdato
1256 824 1268 847 ,
1298 789 1477 834 salubria

202 859 432 907 insusurret
457 862 589 907 verba
611 877 621 905 t
642 877 752 923 quae
771 861 909 918 dicat,
938 863 1042 907 Non
1063 863 1122 908 est
1141 865 1262 925 quod
1285 864 1478 911 invideas

201 932 318 990 istis,
342 949 453 995 quos
487 949 669 996 magnos
705 931 936 994 felicesque
976 933 1161 994 populus
1196 950 1328 980 vocat
1351 953 1361 980 :
1386 951 1479 980 non¹

202 1007 263 1052 est
282 1008 401 1069 quod
420 1007 496 1052 tibi
506 1006 781 1068 compo-sitae
801 1007 954 1053 mentis
972 1007 1163 1053 habitum
1193 1023 1235 1054 et
1254 1008 1474 1055 sanitatem

201 1078 370 1139 plausus
408 1079 599 1124 excutiat
627 1094 636 1121 :
672 1093 759 1122 non
800 1076 861 1122 est
894 1078 1016 1140 quod
1047 1078 1126 1123 tibi
1159 1079 1475 1142 tranquillitatis

200 1166 300 1198 tuae
319 1151 538 1197 fastidium
569 1149 697 1196 faciat
720 1150 816 1204 ille,
842 1150 917 1196 sub
944 1150 1025 1195 illis
1052 1149 1259 1207 fascibus,
1287 1167 1479 1211 purpura⁴

200 1223 370 1269 cultus:
401 1238 490 1268 non
528 1221 589 1267 est
621 1222 742 1283 quod
775 1220 1013 1268 feliciorem
1046 1237 1142 1265 eum
1177 1220 1364 1275 iudices,
1403 1221 1477 1267 cui

200 1296 511 1352 submovetur,
542 1312 673 1356 quam
692 1309 821 1357 quem
843 1294 967 1339 lictor
991 1293 1135 1339 semita
1157 1294 1318 1340 deiicit.
1346 1294 1388 1339 Si
1406 1294 1475 1340 vis

200 1385 402 1414 exercere
433 1368 511 1413 tibi
543 1368 646 1412 utile
666 1402 679 1423 ‚
715 1365 822 1411 nulli
854 1378 996 1412 autem
1034 1382 1168 1427 grave
1205 1365 1437 1428 imperium
1459 1402 1477 1425 ,

199 1440 416 1487 submove
441 1440 562 1487 vitia.
591 1439 717 1484 Multi
745 1438 1054 1493 inveniuntur,
1085 1438 1160 1499 qui
1184 1437 1328 1500 ignem
1358 1439 1473 1487 infe-

199 1524 294 1558 rant
316 1512 521 1569 urbibus,
547 1512 623 1574 qui
648 1510 1000 1573 inexpugnabilia
1021 1509 1196 1568 seculis,
1223 1523 1266 1557 et
1294 1527 1371 1572 per
1398 1512 1475 1557 ali-2

199 1596 308 1645 quot
337 1595 497 1629 aetates
527 1593 615 1627 tuta
649 1581 944 1642 prosternant,
977 1579 1052 1641 qui
1082 1595 1268 1641 aequum
1299 1581 1471 1629 arcibus

198 1673 397 1718 aggerem
430 1656 653 1710 attollant,
687 1667 728 1700 et
753 1668 903 1698 muros
933 1653 979 1696 in
1014 1650 1169 1697 miram
1198 1652 1478 1700 altitudinem

197 1728 406 1772 adductos
425 1726 626 1771 arietibus
643 1742 691 1772 ac
715 1723 925 1772 machinis
950 1723 1177 1787 quassent:
1204 1726 1327 1772 multi
1346 1727 1443 1774 sunt
1454 1759 1479 1784 ,.

197 1800 388 1863 quiante
416 1799 458 1846 se
483 1812 610 1862 agant
635 1800 833 1861 agmina,
866 1809 909 1844 et
938 1798 1067 1860 tergis
1099 1799 1285 1845 hostium
1317 1817 1476 1863 graves

197 1874 380 1931 instent,
415 1887 459 1921 et
477 1876 530 1920 ad
560 1891 676 1920 mare
703 1889 907 1935 magnum
929 1873 1084 1933 perfusi
1111 1874 1244 1920 caede
1276 1875 1475 1937 gentium.

197 1949 404 1996 veniant:
424 1948 497 1995 sed
519 1948 563 1994 hi
589 1963 764 2010 quoque
782 1982 796 2004 ‚
826 1959 872 1992 ut
904 1947 1133 1994 vincerent
1161 1947 1327 1994 hostem
1347 1984 1360 2006 ‚
1393 1967 1479 1996 cu--
1547 1958 1554 1964 ‘

197 2022 376 2085 piditate
406 2021 511 2068 vicli
542 2021 650 2066 sunt.
679 2021 826 2066 Nemo
860 2019 944 2066 illis
977 2015 1255 2067 venientibus
1286 2021 1477 2081 restitit,

195 2096 269 2143 sed
300 2113 380 2143 nec
417 2094 496 2156 ipfi
531 2093 792 2150 ambitioni,
825 2093 1155 2155 crudelitatique
1192 2094 1431 2144 restiterant
1458 2115 1470 2144 ε

194 2181 301 2216 tunc
334 2185 432 2215 cum
462 2184 588 2230 agere
625 2166 704 2212 visi
735 2166 831 2212 sunt
860 2167 990 2225 alios,
1022 2167 1271 2229 agebantur.
1305 2171 1475 2232 Agebat

194 2239 411 2288 infelicem
432 2241 728 2286 Alexandrum
751 2239 876 2285 furor
891 2239 1026 2285 aliena
1052 2238 1328 2299 devastandi,
1354 2256 1396 2288 et
1415 2243 1468 2288 ad

194 2311 343 2376 ignota
361 2312 572 2358 mittebat.
596 2315 664 2358 An
684 2324 732 2357 tu
756 2324 878 2374 putas
898 2310 1048 2357 sanum
1066 2347 1079 2369 ‚
1105 2312 1182 2375 qui
1208 2330 1232 2359 a
1260 2315 1476 2363 Graeciae·

195 2384 388 2446 primum
410 2384 628 2438 cladibus,
654 2385 698 2430 in
723 2401 808 2447 qua
836 2384 1030 2432 eruditus
1054 2384 1114 2431 est
1130 2422 1145 2441 ‚
1171 2385 1324 2450 incipit
1350 2406 1362 2434 ε
1392 2390 1468 2451 qui

195 2458 320 2522 quod
351 2457 508 2522 cuique
539 2456 759 2522 optimum
785 2457 874 2518 est,
912 2457 1104 2521 eripuit?
1140 2461 1478 2510 Lacedaemona*

1069 2532 1146 2580 Cc
1178 2548 1213 2593 4
