1797 2956
336 218 427 276 248
559 220 609 265 L.
659 217 960 263 ΑΝΝΑΕι
1013 215 1373 263 SENECAE

333 323 461 371 nobis
481 324 704 380 accedant,
722 339 810 380 non
835 323 1036 369 haereant
1057 341 1067 369 :
1089 335 1135 369 ut
1160 323 1189 369 fi
1207 323 1501 383 abducantur,
1521 324 1610 371 fine

335 398 418 444 ulla
443 398 576 442 nostri
606 395 865 441 laceratione
897 396 1129 443 discedant.
1161 399 1348 442 Utamur
1379 397 1486 453 illis,
1515 414 1607 444 non

330 469 569 532 gloriemur
592 487 601 513 :
623 479 664 513 et
685 480 859 513 utamur
877 485 1029 530 parce,
1047 482 1250 532 tanquam
1271 469 1475 531 depositis
1492 470 1608 532 apud

330 558 434 597 nos,
463 554 506 587 et
529 540 716 587 abituris.
755 541 964 603 Quisquis
987 542 1055 587 illa
1086 541 1173 588 fine
1200 543 1367 589 ratione
1392 542 1606 605 possedit,

329 631 421 658 non
444 614 518 660 diu
547 613 698 660 tenuit.
724 613 812 675 ipsa
832 613 950 659 enim
978 614 1158 662 felicitas
1189 615 1229 661 se
1258 615 1335 661 nifi
1360 628 1571 678 temperat
1589 650 1605 673 ,

329 686 520 748 premit:
552 684 581 731 fi
615 686 891 749 fugacissimis
923 687 1051 733 bonis
1081 687 1295 744 credidit,
1323 687 1412 734 cito
1443 687 1604 735 deseri-

328 774 427 814 tur3
466 771 509 805 et
533 772 580 805 ut
612 775 703 806 non
728 759 949 806 deseratur
972 795 986 818 ‚
1019 760 1232 823 affligitur.
1281 761 1433 812 Paucis
1468 762 1604 823 depo-

328 847 430 878 nere
475 831 722 878 felicitatem
754 832 944 879 molliter
983 833 1105 879 licuit
1140 851 1151 879 :
1190 832 1362 887 ceteri,
1398 849 1496 879 cum
1537 833 1603 902 his

324 904 439 949 inter
467 920 577 966 quae
613 904 861 959 eminuere,
891 903 1129 960 labuntur,
1165 917 1207 950 et
1238 904 1338 951 illos
1363 905 1602 967 degravant

323 976 414 1038 ipsa
448 993 559 1040 quae
596 977 850 1041 extulerant.
893 978 999 1023 ldeo
1032 976 1309 1026 adhibebitur
1338 977 1600 1040 prudentia⁹

321 1065 434 1112 quae
466 1049 650 1094 modum
688 1048 771 1094 illis
806 1065 855 1095 ac
892 1048 1197 1111 parsimoniam
1231 1050 1448 1111 imponat.
1484 1065 1600 1112 quo-

319 1123 436 1168 niam
467 1121 646 1184 quidem
680 1121 856 1168 licentia
887 1121 997 1185 opes
1026 1123 1117 1169 suas
1147 1122 1403 1185 praecipitat
1422 1159 1436 1180 ‚
1471 1136 1601 1186 atque

320 1209 470 1258 urget.-
490 1212 570 1242 nec
589 1212 779 1258 unquam
802 1196 1042 1243 immodica
1063 1198 1264 1245 clurarun'>
1281 1234 1295 1255 ,
1315 1197 1392 1244 nifi
1410 1198 1480 1243 illa
1501 1215 1600 1245 mo-

320 1269 634 1316 deratrixratio
653 1270 935 1332 compescuit.
956 1271 1058 1317 Hoc
1078 1272 1308 1318 multarum
1327 1271 1405 1318 tibi
1425 1272 1598 1318 urbium

319 1343 517 1390 ostendet
546 1356 765 1400 eventus,
804 1361 986 1406 quarum
1023 1344 1068 1389 in
1094 1343 1190 1406 ipso
1228 1343 1340 1390 flore
1378 1344 1598 1391 luxuriosa

316 1416 500 1478 imperia
522 1412 797 1471 ceciderunt,
822 1428 863 1462 et
884 1414 1099 1479 quidquid
1119 1417 1279 1464 virtute
1294 1428 1383 1463 erat
1406 1428 1595 1479 partum,

315 1487 651 1550 intemperantia
687 1487 866 1535 corruit.
906 1488 1126 1535 Adversus
1145 1489 1226 1534 hos
1255 1488 1372 1535 casus
1395 1487 1595 1534 munien-

315 1560 360 1606 di
387 1560 546 1617 sumus.
580 1559 723 1606 nullus
755 1573 899 1606 autem
931 1572 1082 1607 contra
1112 1559 1339 1605 fortunam
1371 1559 1591 1622 inexpug—

313 1633 467 1680 nabilis
493 1650 644 1680 murus
673 1633 760 1679 est:
780 1633 894 1679 intus
916 1633 1187 1679 instruamur.
1217 1633 1258 1679 Si
1285 1633 1356 1679 illa
1375 1649 1473 1695 pars
1503 1646 1593 1679 tuta

312 1705 398 1762 est,
422 1704 576 1767 pulsari
598 1706 737 1752 homo
764 1705 930 1767 potest,
955 1706 1050 1767 capi
1069 1722 1159 1751 non
1189 1703 1343 1766 potest.
1375 1704 1513 1763 Quod
1539 1703 1590 1750 fit

312 1780 402 1826 hoc
431 1778 763 1824 instrumentum
781 1814 793 1835 ‚
826 1778 931 1824 scire
960 1776 1211 1823 desideras?
1248 1775 1355 1822 nihil
1385 1775 1588 1838 indigne-

310 1863 380 1897 tur
405 1850 479 1896 fibi
505 1850 701 1896 accidere
717 1886 729 1907 ‚
757 1849 971 1911 sciatque,
990 1849 1059 1894 illa
1086 1847 1176 1911 ipsa
1199 1848 1354 1911 quibus
1381 1847 1490 1893 laedi
1515 1846 1587 1894 vi-

307 1924 464 1979 detur,
486 1924 540 1969 ad
569 1921 954 1973 conservationem
981 1920 1171 1966 universi
1197 1920 1441 1982 pertinere,
1468 1932 1510 1966 et
1532 1936 1586 1967 ex

307 1996 372 2042 his
405 1994 516 2051 effe,
548 2012 658 2057 quae
681 1994 850 2041 cursum
878 1993 1030 2039 mundi
1060 1993 1346 2055 officiumque
1377 1991 1585 2039 consum·

307 2082 438 2120 mant.
481 2069 649 2115 Placeat
684 2068 856 2114 homini
875 2100 889 2122 ⁹
919 2067 1134 2132 quidquid
1161 2067 1267 2114 Deo
1299 2066 1493 2129 placuit:
1523 2067 1584 2114 ob

302 2142 389 2190 hoc
407 2143 593 2206 seipsum
617 2143 773 2206 suaque
792 2144 974 2188 miretur
991 2177 1004 2200 ‚
1023 2142 1144 2204 quod
1162 2158 1253 2187 non
1273 2139 1416 2203 potest
1434 2140 1582 2198 vinci,

302 2217 425 2277 quod
449 2217 556 2262 mala
580 2216 668 2278 ipsa
690 2217 765 2263 sub
787 2217 828 2265 se
845 2231 988 2271 tenet,
1026 2217 1147 2279 quod
1170 2216 1367 2270 ratione,
1403 2232 1488 2278 qua
1506 2232 1583 2263 νει-.-

302 2289 460 2336 lentius
480 2290 585 2335 nihii
602 2289 661 2335 est
676 2326 688 2347 ‚
717 2289 858 2336 casum
879 2289 1168 2352 doloremque
1190 2302 1232 2336 et
1257 2288 1459 2334 iniuriam
1477 2287 1579 2334 sub-

300 2360 392 2424 igit.
428 2366 538 2408 Ama
567 2363 778 2409 rationem
810 2381 820 2408 :
854 2363 981 2408 huius
1003 2377 1046 2409 te
1072 2379 1198 2408 amor
1234 2374 1389 2408 contra
1415 2359 1580 2406 duriffi-

299 2452 370 2480 rna
399 2436 594 2482 armabit.
622 2437 881 2482 Catulorum
902 2454 1027 2483 amor
1058 2437 1103 2482 in
1132 2436 1344 2484 Venabula
1371 2433 1574 2496 impingit

293 2508 434 2566 feras,
462 2526 569 2572 quas
592 2509 734 2556 feritas
755 2523 797 2556 et
813 2510 1083 2562 inconsultus
1099 2509 1287 2572 impetus
1302 2507 1487 2572 praestat
1502 2508 1573 2554 inq.-
