1807 3004
503 147 1117 238 EptsToLAe.'
1340 191 1427 238 159

161 281 402 327 clamabant
429 280 628 326 homines
649 299 659 325 :
688 283 730 326 O
751 280 906 338 Vatia,
929 280 1044 327 solus
1070 279 1148 326 scis
1180 278 1343 327 vivere.
1368 285 1427 327 At

157 353 230 399 ille
249 355 378 400 latere
407 353 586 410 sciebat,
613 369 701 398 non
723 353 889 399 vivere.
919 352 1102 405 multum
1130 363 1269 402 autem
1290 351 1428 397 inter-

160 424 246 480 est,
279 437 419 470 utrum
446 425 533 470 vita
557 436 631 470 tua
652 424 787 470 otiosa
808 423 884 478 fit,
916 439 968 468 an
989 423 1157 485 ignava.
1188 422 1429 483 Nunquam

161 496 282 542 aliter
311 495 420 541 hanc
441 495 589 542 villam
612 497 738 541 Vatia
762 495 874 542 vivo
896 495 1203 558 praeteribant,
1234 510 1365 556 quam
1383 509 1432 541 ut

161 567 353 614 dicerem
377 585 386 612 :
412 567 536 614 Vatia
571 568 641 614 hic
669 567 768 613 litus
797 566 871 614 est.
895 567 976 612 Sed
1003 567 1144 623 adeo,
1177 564 1238 610 mi
1264 565 1434 623 Lucili,

159 639 439 701 philosophia
468 640 633 687 sacrum
666 641 871 703 quiddam
898 639 983 696 est,
1011 654 1053 685 et
1082 637 1327 685 venerabile
1348 674 1360 693 ,
1384 651 1435 686 ut

161 714 289 759 etiam
310 714 339 759 fi
361 714 465 776 quid
486 714 547 760 illi
572 714 707 760 {imile
735 727 793 759 eit
808 749 820 770 ‚
840 713 1073 759 mendacio
1098 713 1277 774 placeat.
1295 714 1433 760 Otio-

161 785 253 832 sum
278 786 393 833 enim
413 787 639 833 hominem
659 823 671 845 ,
704 786 921 833 seductum
949 786 1160 832 existimat
1179 787 1336 849 vulgus
1351 823 1364 844 ,
1391 799 1434 834 et

160 859 357 907 securum
372 897 386 918 ‚
408 876 452 907 et
476 861 516 907 se
544 872 796 907 contentum
815 895 826 915 ,
857 858 1020 919 sibique
1040 858 1263 904 viventem
1286 874 1296 901 ε
1317 874 1432 920 quo-

161 949 259 979 rum
291 933 397 979 nihil
427 934 501 979 ulli
526 933 803 996 contingere,
831 930 908 977 nisi
936 930 1139 993 sapienti,
1172 929 1330 991 potest.>
1357 930 1431 976 llle

162 1008 340 1069 quidem
375 1008 488 1054 nulla
515 1025 562 1054 re
590 1006 794 1053 sollicitus
823 1005 898 1051 scit
924 1004 997 1049 sibi
1026 1003 1190 1050 vivere.
1216 1004 1286 1051 ille
1313 1005 1433 1052 enim

164 1079 310 1143 (quod
328 1079 388 1126 est
408 1077 622 1142 primum)
645 1078 720 1124 scit
737 1078 903 1125 vivere.
921 1078 1032 1122 Nam
1052 1077 1126 1139 qui
1145 1094 1211 1124 res
1228 1090 1271 1124 et
1289 1077 1436 1123 homi-

165 1167 240 1196 nes
265 1150 375 1217 fugit
392 1187 405 1207 ,
426 1167 553 1213 quem
580 1149 860 1212 cupiditatum
887 1149 1057 1195 suarum
1081 1146 1308 1195 infelicitas
1326 1149 1435 1195 rele-

164 1223 310 1283 gavit,
330 1222 404 1284 qui
424 1223 529 1268 alios
549 1221 770 1268 feliciores
786 1222 940 1267 videre
960 1237 1051 1266 non
1071 1219 1235 1282 potuit,
1257 1220 1331 1282 qui
1351 1237 1434 1267 ve-

164 1293 229 1339 lut
253 1295 454 1340 timidum
481 1307 610 1356 atque
634 1294 748 1339 iners
779 1292 961 1348 animal,
986 1305 1102 1338 metu
1131 1292 1332 1350 oblitust,
1365 1292 1437 1340 ille

167 1367 244 1414 fibi
271 1384 359 1414 non
384 1367 525 1425 vivit,
558 1367 629 1413 sed
650 1366 806 1431 (quod
835 1367 896 1413 est
915 1365 1239 1430 turpissimum)
1262 1367 1434 1425 ventri,

168 1441 326 1486 somno
340 1475 352 1497 ,
376 1439 560 1486 libidini.
582 1439 689 1485 Non
711 1441 926 1485 continuo
946 1439 1020 1485 fibi
1042 1439 1176 1496 vivit,
1200 1440 1274 1502 qui
1294 1439 1438 1486 nemi·-

124 1542 129 1546 ,
168 1513 227 1560 ni.
251 1513 378 1558 Adeo
402 1524 545 1558 tamen
565 1519 718 1574 magna
737 1529 802 1558 res
820 1511 881 1558 est
903 1511 1141 1558 constantia
1156 1547 1168 1569 ‚
1203 1525 1246 1558 et
1268 1512 1311 1557 in
1331 1529 1439 1575 pro-

168 1585 310 1648 posito
329 1586 406 1632 suo
423 1585 760 1648 perseverantia,
779 1600 825 1632 ut
842 1586 995 1631 habeat
1013 1584 1309 1631 auctoritatem
1324 1586 1440 1633 iner-
1466 1598 1467 1601 ’

168 1659 226 1704 tia
244 1675 434 1724 quoque·
450 1659 658 1721 pertinax.
687 1659 761 1706 De
779 1659 875 1722 „ipsa
903 1659 1005 1707 villa
1035 1658 1139 1705 nihil
1163 1658 1333 1721 poffum
1359 1659 1444 1707 tibi

168 1732 276 1778 certi
308 1730 520 1784 scribere;
551 1730 742 1778 frontem
778 1731 894 1777 enim
921 1729 1011 1777 eius
1032 1743 1200 1776 tantum
1224 1730 1364 1785 novi,
1394 1743 1440 1777 et

168 1803 384 1866 exposita:
404 1819 513 1866 quae
533 1802 721 1850 ostendit
745 1802 874 1850 etiam
903 1800 1230 1848 transeuntibus.
1253 1803 1441 1864 Spelun-

171 1892 247 1923 cae
263 1876 358 1921 sunt
378 1875 486 1921 duae
505 1875 651 1937 magni
672 1873 816 1936 operis
837 1891 847 1920 :
868 1873 969 1919 laxo
988 1872 1099 1920 atrio
1120 1889 1264 1935 pares,
1285 1889 1440 1919 manu-

172 1948 333 1994 factae:
353 1947 540 2010 quarum'
553 1947 681 1993 altera
702 1946 835 1991 solem
854 1961 946 1990 non
965 1943 1138 2007 recipit,
1160 1944 1289 1991 altera
1307 1946 1441 2009 usque

171 2020 218 2067 in
244 2021 516 2068 occidentem
546 2031 676 2066 tenet.
708 2019 945 2065 Platanona
974 2017 1142 2065 medius
1175 2017 1318 2076 rivus,
1347 2030 1390 2065 et
1415 2035 1441 2066 a

174 2093 282 2138 mari
311 2106 355 2139 et
386 2093 439 2138 ab
470 2092 706 2139 Acherusio
736 2092 832 2138 lacu
865 2102 1063 2154 receptus
1082 2127 1095 2148 ‚
1124 2091 1277 2152 Euripi
1302 2092 1441 2138 modo

174 2166 332 2213 dividit
345 2202 357 2223 ‚
386 2167 545 2213 alendis
569 2166 754 2228 piscibus
775 2165 926 2230 (etiam
940 2165 970 2210 fi
988 2166 1154 2212 affiduo
1171 2165 1442 2229 exhauritur)

169 2239 401 2285 sufficiens.
434 2238 517 2284 Sed
542 2238 626 2292 illi,
654 2255 754 2283 cum
783 2255 900 2283 mare
929 2250 1066 2299 patet,
1093 2238 1318 2299 parcitur:
1341 2254 1441 2284 cum

173 2310 399 2373 tempestas
426 2311 705 2372 piscatoribus
727 2311 844 2357 dedit
863 2310 1018 2365 ferias,
1049 2326 1200 2356 manus
1218 2311 1274 2356 ad
1295 2323 1440 2372 parata

173 2385 428 2447 porrigitur.
448 2385 548 2429 Hoc
569 2395 714 2449 tamen
734 2383 794 2429 est
820 2382 1220 2432 commodiffimum
1243 2382 1288 2428 in
1307 2383 1408 2431 villa
1422 2418 1438 2441 ‚

175 2455 298 2518 quod
322 2455 441 2502 Baias
466 2466 581 2502 trans
605 2455 817 2517 parietem
846 2454 1003 2501 habet:
1027 2452 1322 2501 incommodis
1349 2452 1441 2499 illa-
