1807 3004
548 187 1115 233 EPISTOLAE.
1377 203 1469 250 347

200 297 296 361 git:
335 294 547 359 numquid
581 311 688 357 ergo
720 295 832 342 hanc
868 293 1060 341 liberalia
1089 291 1225 340 studia
1254 295 1476 341 corrobo-

200 371 323 417 rant?
343 371 464 416 Fides
481 367 784 414 sanffiffimum
805 366 983 412 humani
1001 365 1186 428 petitoris
1206 367 1373 412 bonum
1393 367 1473 426 est,

202 443 315 489 nulla
346 441 586 488 necestitate
616 442 670 486 ad
702 440 936 485 fallendum
972 439 1145 501 cogitur
1165 472 1179 496 ,
1214 439 1336 486 nullo
1372 457 1476 486 cor—-

198 518 413 579 rumpitur
431 514 641 577 praemio.
660 516 749 560 Ure
767 549 780 570 ‚
807 513 972 576 inquit,
992 513 1123 560 caede
1138 550 1151 572 ,
1181 514 1338 561 occide
1351 551 1366 572 ‚
1383 532 1477 562 non

198 592 409 653 prodam:
433 590 503 636 sed
533 605 620 652 quo
647 588 782 652 magis
804 587 962 635 secreta
990 604 1168 651 quaeret
1198 589 1357 648 dolor,
1389 589 1478 636 hoc

197 663 267 710 illa
292 664 414 710 altius
440 664 642 710 condam.
673 662 883 724 numquid
908 661 1094 708 liberalia
1122 661 1260 707 studia
1285 662 1476 709 bosani·

198 751 297 781 mos
321 734 462 781 facere
488 734 698 797 possunt?
735 735 1040 797 Temperantia
1068 734 1367 797 voluptatibus
1393 735 1479 781 im=

196 823 317 870 perat
342 826 352 854 ε
377 809 477 856 alias
505 810 601 855 odit
625 823 754 872 atque
773 808 906 871 abigit
922 844 935 866 ‚
968 808 1067 854 alias
1097 807 1336 871 dispensat,
1363 819 1406 854 et
1423 809 1479 855 ad

197 881 344 928 sanum
372 883 554 929 modum
583 882 763 944 redigit,
791 897 871 927 nec
896 897 1086 943 unquam
1114 882 1167 927 ad
1191 879 1280 927 illas
1297 893 1478 943 propter

194 955 303 1017 ipsas
332 955 465 1016 venit.
494 954 581 1001 Scit
611 955 833 1016 optimum
861 953 946 999 effe
976 954 1160 1000 modum
1193 954 1445 1015 cupitorum
1463 987 1498 1009 ,.

195 1044 287 1072 non
323 1040 532 1090 quantum
569 1028 707 1079 velis,
739 1027 809 1072 sed
842 1037 1048 1090 quantum
1081 1027 1265 1082 debeas,
1296 1025 1482 1073 filmera

195 1098 453 1144 Humanitas
475 1112 595 1145 vetat
619 1098 850 1161 superbum
871 1098 956 1146 effe
975 1099 1179 1145 adversus
1206 1099 1349 1145 socios
1364 1131 1378 1153 ‚
1397 1115 1477 1146 ve=2

192 1181 254 1216 tat
281 1187 496 1217 avarum:
531 1171 704 1229 verbis,
742 1171 895 1226 rebus,
932 1170 1156 1217 affeffibus
1193 1187 1368 1217 comem
1403 1173 1477 1231 se,

194 1241 458 1306 facilemque
487 1244 695 1290 omnibus
726 1243 911 1307 praestat
930 1262 943 1292 ε,
966 1244 1131 1289 nullum
1163 1244 1349 1290 alienum
1378 1262 1474 1290 ma-
1536 1251 1539 1255 ”

194 1315 286 1360 lum
325 1329 470 1377 putat,
496 1316 663 1361 bonum
698 1331 840 1362 autem
869 1316 990 1362 suum
1019 1316 1064 1362 id
1098 1318 1316 1375 maxime,
1351 1319 1474 1381 quod

196 1386 324 1434 alicui
351 1388 472 1434 bono
489 1388 680 1435 futurum
699 1388 783 1445 est,
804 1402 930 1435 amat.
947 1389 1161 1451 numquid
1178 1390 1369 1435 liberalia
1388 1390 1478 1449 stit-3

195 1460 263 1507 dia
285 1461 366 1507 hos
392 1478 539 1508 mores
562 1461 866 1524 praecipiunt?
887 1479 975 1508 non
997 1463 1130 1525 magis
1156 1479 1283 1524 quam
1308 1450 1485 1526 ίῖτιη)ῐί-ἡ

194 1532 396 1592 citatem,
431 1551 561 1598 quam
600 1535 854 1581 modestiam
887 1552 936 1582 ac
965 1535 1344 1593 moderationem,
1381 1553 1475 1584 non

193 1606 331 1669 magis
356 1624 486 1669 quam
506 1607 794 1671 frugalitatem
810 1644 822 1667 ‚
845 1625 895 1655 ac
916 1607 1247 1670 parsimoniam:
1268 1625 1357 1654 non
1376 1626 1472 1656 ma-

191 1680 254 1741 gis
274 1696 401 1742 quam
423 1680 720 1738 clementiam,
754 1697 864 1743 quae
883 1680 1027 1726 alieno
1057 1680 1249 1742 sanguini
1266 1694 1473 1744 tanquam

191 1754 270 1800 suo
296 1753 462 1815 parcit,
493 1766 535 1799 et
564 1753 640 1800 scit
661 1754 831 1800 homini
852 1771 943 1800 non
969 1754 1054 1800 effe
1083 1754 1262 1799 homine
1289 1757 1473 1820 prodige

193 1822 414 1871 utendum.
444 1826 560 1881 Cum
588 1826 768 1881 dicatis,
792 1826 935 1889 inquit
953 1862 966 1882 ‚
995 1826 1081 1872 fine
1108 1826 1364 1873 liberalibus
1381 1828 1472 1875 stu-

193 1896 273 1942 diis
296 1897 351 1941 ad
374 1896 581 1943 virtutem
611 1914 701 1942 non
722 1897 974 1960 perveniri,
995 1898 1366 1959 quemadmodum
1387 1917 1468 1946 ne-

192 1967 299 2031 gatis
322 1968 392 2014 illa
418 1969 478 2014 nil
505 1968 707 2016 conferre
726 1969 912 2016 virtuti?
943 1969 1044 2031 quia
1065 1987 1143 2015 nec
1170 1971 1255 2016 sine
1282 1971 1384 2018 cibo
1412 1974 1467 2020 ad

192 2041 396 2088 virtutem
425 2043 706 2103 pervenitur,
733 2043 856 2089 cibus
884 2056 1029 2088 tamen
1060 2045 1114 2089 ad
1144 2045 1352 2091 virtutem
1378 2062 1468 2092 non

191 2115 392 2176 pertinet.
421 2115 554 2178 Ligna
587 2114 693 2161 nihil
716 2116 817 2162 navi
851 2115 1116 2173 conferunt,
1144 2117 1345 2179 quamvis
1376 2135 1467 2165 non

192 2183 267 2231 fiat
287 2187 409 2232 navis
437 2185 521 2232 fine
549 2186 687 2250 lignis.
717 2186 822 2251 Non
844 2187 932 2244 est,
969 2186 1143 2250 inquam
1161 2223 1174 2245 ,
1208 2204 1286 2233 cur
1303 2187 1467 2252 aliquid

192 2270 318 2320 putes
337 2259 427 2305 eius
447 2259 667 2306 adiutorio
693 2259 786 2306 fieri
803 2296 815 2316 ,
842 2259 928 2306 fine
958 2277 1048 2322 quo
1069 2277 1159 2305 non
1188 2260 1328 2323 potest
1358 2261 1466 2310 fieri.

190 2331 339 2378 Potest
364 2332 538 2394 quidem
569 2333 697 2379 etiam
725 2333 827 2379 illud
849 2332 962 2390 dici,
990 2332 1078 2378 fine
1106 2333 1350 2381 liberalibus
1376 2334 1463 2382 stu-

191 2402 272 2448 diis
302 2403 442 2450 veniri
469 2405 524 2450 ad
552 2404 795 2467 sapientiam
826 2405 949 2467 posse
971 2422 982 2450 ε
1005 2406 1204 2469 quamvis
1227 2407 1343 2454 enim
1371 2409 1463 2457 vir-

186 2489 256 2524 tus
276 2477 474 2526 discenda
504 2477 575 2538 fit,
602 2491 746 2527 tamen
767 2497 858 2527 non
883 2496 961 2542 per
989 2481 1094 2527 haec
1113 2480 1304 2530 discitur.
1337 2484 1463 2544 Quid
