1797 2956
281 171 371 228 264
504 171 550 216 L.
600 168 909 214 ANNAEI
960 169 1334 220 SENECAE

278 288 526 324 contentus.
561 278 757 338 Oppone
785 275 914 321 etiam
943 292 1057 322 nunc
1081 276 1139 322 ilii
1161 277 1297 323 multa
1314 310 1327 333 ,
1355 294 1464 341 quae
1488 279 1564 326 de-

280 350 522 401 hortentur.
551 350 666 407 Dic,
695 350 867 395 Factum
887 362 1009 396 tuum
1038 362 1201 397 matura
1229 352 1431 415 sequetur
1449 353 1565 398 obli-

283 423 362 469 vio
378 458 391 480 ,
411 438 453 470 et
472 440 623 485 parum
639 435 759 486 grata
777 421 1041 469 existimatio
1060 423 1226 470 civium
1249 443 1259 470 :
1281 425 1565 486 respondebit

281 495 385 552 tibi,
416 495 493 540 Ista
521 494 671 540 omnia
695 508 815 541 extra
847 510 960 557 opus
989 512 1137 541 meum
1172 497 1279 544 sunt.
1307 514 1392 561 ego
1424 498 1565 560 ipsum

282 568 565 631 contemplor
585 586 595 613 ε
618 568 704 616 hoc
722 567 807 613 effe
826 566 1055 614 honestum
1074 566 1176 617 scio.
1197 572 1344 633 Itaque
1363 587 1568 634 quocun-

283 658 370 704 que
393 642 511 688 ducit
539 658 588 688 ac
607 654 767 696 vocat,
799 642 950 689 venio.
978 643 1078 690 Hoc
1097 660 1203 705 ergo
1230 642 1368 690 ¹unum
1399 645 1567 690 bonum

283 715 374 772 est,
398 715 522 778 quod
543 731 631 760 non
652 730 821 761 tantum
839 715 1058 778 perfec-tus
1078 717 1268 769 animus,
1288 717 1359 762 sed
1381 734 1570 779 genero·-

284 789 351 836 sus
372 805 554 850 ,quoque
578 802 621 834 et
641 788 801 834 indolis
818 789 958 834 bonae
980 788 1107 834 sentit
1126 806 1135 834 :
1156 804 1298 836 cetera
1317 790 1429 835 levia
1451 790 1570 847 sunt,

287 864 524 914 mutabilia.
543 865 694 925 Itaque
713 862 880 911 solicite
902 861 1203 923 possidentur,
1230 861 1394 908 etiamsi
1412 860 1571 908 faven-

287 949 328 982 te
356 936 535 982 fortuna
567 937 611 982 in
637 953 772 981 unum
799 935 1000 997 congesta
1029 936 1157 982 sunt:
1187 934 1378 982 dominis
1399 935 1481 981 suis
1501 936 1572 980 in·-

289 1011 501 1058 cumbunt
520 1010 693 1072 gravia,
721 1022 764 1054 et
785 1008 882 1059 illos
902 1009 1070 1070 semper
1087 1020 1318 1070 premunt,
1338 1007 1574 1070 aliquando

288 1098 332 1129 et
357 1082 541 1130 elidunt,
578 1084 729 1128 Nemo
753 1097 806 1127 ex
839 1080 950 1136 istis,
984 1097 1098 1143 quos
1126 1093 1391 1142 purpuratos
1418 1079 1538 1125 vides
1559 1114 1574 1135 ,

290 1156 390 1205 felix
410 1155 490 1211 est,
522 1172 611 1201 non
635 1154 770 1217 magis
787 1190 801 1210 ,
830 1171 961 1216 quam
990 1170 1043 1199 ex
1067 1154 1150 1199 illis
1174 1154 1332 1216 quibus
1356 1152 1574 1216 sceptrum

290 1244 334 1279 et
357 1230 631 1292 chlamyden]
658 1229 703 1274 in
728 1228 852 1274 scena
878 1227 1046 1273 subulae
1071 1226 1292 1289 affignant.
1318 1243 1417 1272 cum
1448 1242 1575 1288 prae-

294 1304 409 1351 sente
441 1302 610 1365 populo
635 1300 732 1346 elati
752 1299 1041 1354 incesserunt,
1075 1313 1119 1345 et
1148 1298 1422 1352 cothurnati,
1453 1297 1577 1344 simul

293 1376 517 1431 exierunt,
536 1374 840 1421 excalceantur
854 1407 867 1429 ‚
885 1387 928 1417 et
946 1372 1000 1417 ad
1019 1370 1220 1417 staturam
1243 1371 1362 1416 suam
1382 1370 1578 1419 redeunt.

295 1452 443 1500 Nemo
470 1448 680 1503 istorum„
717 1462 832 1509 quos
852 1445 1029 1491 divitiae
1057 1444 1333 1507 honoresque
1354 1443 1398 1489 in
1423 1443 1579 1490 altiore

296 1520 470 1583 fastigio
504 1533 709 1582 ponunt,
746 1534 927 1580 magnus
955 1517 1028 1564 est,
1071 1519 1222 1577 Quare
1251 1532 1360 1579 ergo
1397 1517 1579 1578 magnus

296 1593 501 1639 videtur?
522 1592 637 1638 Cum
658 1590 743 1636 basi
761 1591 882 1637 illum
901 1589 971 1636 sua
993 1589 1168 1636 metiris.
1190 1590 1293 1635 Non
1319 1587 1379 1633 est
1401 1603 1582 1650 magnus

297 1665 486 1728 pumilio
501 1700 514 1720 ,
540 1664 640 1710 licet
665 1664 711 1711 in
729 1674 881 1710 monte
903 1662 1144 1709 constiterit
1164 1681 1174 1712 ;
1194 1661 1398 1708 colossus
1411 1661 1581 1724 magni-

298 1740 495 1787 tudinem
531 1738 649 1786 suam
687 1736 877 1784 servabit
901 1773 915 1795 ,
949 1735 1114 1783 etiamsi
1149 1735 1310 1782 steterit
1349 1735 1393 1780 in
1431 1746 1582 1796 puteo.

298 1813 402 1864 Hoc
430 1813 679 1859 laboramus
704 1827 856 1859 errore
879 1830 890 1857 :
911 1809 968 1860 fic
994 1809 1123 1860 nobis
1146 1806 1391 1870 imponitur
1419 1823 1429 1850 :
1456 1806 1582 1869 quod

300 1884 519 1936 neminem
550 1883 821 1930 aestimamus
843 1899 898 1929 eo
924 1883 1046 1945 quod
1066 1882 1152 1936 est,
1185 1881 1256 1927 sed
1275 1878 1502 1926 adiicimus
1520 1877 1582 1941 illi

301 1970 406 2007 etea
426 1993 438 2013 ,
469 1956 626 2020 quibus
651 1956 888 2003 adornatus
912 1954 986 2001 est.
1008 1953 1141 2018 Atqui
1160 1970 1259 1999 cum
1288 1951 1415 1997 voles
1434 1966 1584 1995 veram

302 2029 495 2075 hominis
515 2027 855 2074 aestimationem
884 2027 993 2073 inire
1012 2063 1024 2082 ‚
1052 2039 1094 2072 et
1112 2025 1217 2073 scire
1237 2023 1375 2087 qualis
1401 2023 1476 2079 fit,
1502 2039 1584 2068 nu-

304 2106 406 2151 dum
431 2104 608 2165 inspice.
631 2114 766 2165 ponat
785 2101 1130 2165 patrimonium.·‚
1150 2110 1286 2161 ponat
1304 2098 1521 2152 honores,
1540 2106 1584 2142 et

300 2179 384 2232 ,alta
400 2178 599 2224 fortunae
619 2176 846 2222 mendacia
865 2194 875 2221 ε
891 2191 1049 2235 corpus
1063 2173 1200 2234 ipsum
1216 2181 1367 2217 exuat:
1389 2169 1585 2215 animum

307 2252 495 2306 intuere,
515 2249 656 2312 qualis
673 2248 944 2312 quantusque
965 2246 1038 2303 fit,
1056 2245 1200 2291 alieno
1219 2261 1273 2289 an
1294 2243 1372 2289 suo
1389 2257 1585 2302 magnus.

307 2322 338 2368 fi
365 2324 516 2371 ereffis
536 2323 675 2370 oculis
703 2323 868 2386 gladios
891 2321 1097 2369 micantes
1126 2318 1273 2375 videt,
1303 2329 1345 2363 et
1367 2317 1394 2361 fi
1420 2315 1495 2362 scit
1516 2314 1585 2359 sua

309 2396 412 2441 nihil
441 2396 641 2442 interesse
669 2410 815 2443 utrum
838 2395 979 2440 anima
1005 2410 1083 2456 per
1103 2409 1154 2439 os
1168 2428 1183 2449 ,
1210 2408 1262 2436 an
1284 2407 1362 2453 per
1390 2388 1586 2451 iuguium

308 2481 429 2517 exeat
444 2503 457 2525 ‚
478 2469 654 2519 beatum
672 2485 803 2519 voca.
820 2466 850 2518 fi
867 2502 884 2524 ,v
905 2483 1007 2518 cum
1027 2465 1086 2516 illi
1104 2463 1353 2515 denuntiata
1372 2462 1468 2513 sunt
1482 2476 1586 2512 cot-2,
