1807 3004
512 213 1086 265 EPISTOLAE.
1346 229 1431 273 223

165 343 233 377 ter
263 325 438 374 iniurias
469 325 644 372 detinet.
677 321 755 369 Vis
780 319 986 370 adversus
1019 319 1108 367 hoc
1138 333 1299 380 corpus
1329 311 1439 365 liber

165 403 274 450 effe?
289 413 492 465 tanquam
506 398 765 461 migraturus
782 395 926 442 habita
941 412 951 440 :
967 409 1168 457 propone
1188 393 1284 449 tibi,
1305 410 1440 456 quan-

165 478 313 541 doque
342 476 431 522 hoc
460 472 752 521 contubernio
789 471 1041 519 carendum.
1077 467 1241 514 fortior
1268 467 1352 515 eris
1386 467 1442 513 ad

165 548 454 596 neceffitatem
482 544 682 593 exeundi.
716 543 800 590 Sed
818 540 1192 607 quemadmodum
1216 539 1313 586 suus
1343 537 1444 585 finis

164 621 313 670 veniet
337 619 382 666 in
411 632 633 675 mentem,
665 615 816 662 omnia
847 614 935 660 fine
969 611 1055 659 fine
1087 611 1443 674 concupiscenti-

165 693 280 740 bus?
315 692 486 739 Nullius
518 690 579 737 rei
604 686 827 735 meditatio
853 699 943 733 tam
973 683 1207 732 necessaria
1239 683 1313 731 est.
1346 684 1443 732 Alia

164 765 284 814 enim
323 774 578 812 exercentur
607 760 784 808 fortasse
815 759 861 806 in
892 759 1227 820 supervacuum.
1279 757 1442 805 adver-

164 839 232 886 sus
258 849 554 902 paupertatem
591 844 866 899 praeparatus
902 831 964 879 est
994 830 1200 878 animus?
1236 848 1446 893 perman«-

166 912 256 958 sere
277 910 467 959 divitiae.
494 909 549 955 ad
570 920 843 957 contemtum
869 921 950 953 nos
968 904 1134 951 doloris
1152 904 1448 952 armavimus?

167 986 394 1047 nunquam
411 1001 435 1030 a
455 982 582 1029 nobis
606 982 752 1044 exiget
768 979 895 1026 huius
912 977 1084 1026 virtutis
1100 977 1448 1040 experimentum

162 1055 323 1119 integri
345 1072 394 1101 ac
418 1054 507 1100 sani
529 1053 712 1099 felicitas
740 1051 957 1114 corporis.
999 1062 1046 1096 ut
1067 1049 1240 1096 fortiter
1270 1048 1449 1095 amiffo-

168 1145 265 1176 rum
293 1127 499 1174 desideria
534 1138 806 1188 pateremur,
841 1123 1138 1187 praecepimus
1159 1122 1320 1170 nobis?
1349 1139 1451 1168 om-

167 1217 243 1247 nes
286 1215 399 1263 quos
439 1199 717 1252 amabamus,
757 1196 998 1259 superstites
1034 1194 1210 1243 fortuna
1244 1194 1450 1242 servavit.

168 1273 309 1329 Huius
336 1272 463 1318 unius
489 1270 551 1316 rei
579 1269 706 1315 usum
735 1269 811 1331 qui
841 1269 984 1331 exigat
1011 1267 1132 1325 dies,
1152 1267 1314 1315 veniet.
1341 1269 1449 1314 Non

169 1344 231 1391 est
253 1345 376 1406 quod
402 1342 643 1397 existimes,
664 1341 830 1404 magnis
861 1351 1029 1387 tantum
1059 1340 1166 1387 viris
1197 1341 1285 1389 hoc
1312 1341 1452 1388 robur

170 1417 326 1473 fuisse,
361 1433 451 1479 quo
487 1414 700 1463 {ervitutis
736 1415 950 1460 humanae
984 1412 1163 1460 claustra
1194 1430 1454 1477 perrumpe-

170 1504 279 1539 rent.
310 1493 416 1537 Non
444 1491 505 1537 est
524 1491 646 1553 quod
675 1489 865 1547 iudices,
893 1490 981 1536 hoc
1005 1487 1101 1535 fieri
1126 1487 1205 1534 nifi
1229 1506 1253 1534 a
1278 1488 1452 1536 Catone

172 1581 263 1611 non
293 1564 414 1627 posse
432 1600 444 1619 ‚
473 1563 547 1623 <gui
575 1579 703 1626 quam
734 1561 853 1608 ferro
888 1579 977 1608 non
1003 1561 1211 1631 emiserat¹
1227 1561 1415 1608 animam
1438 1597 1454 1619 ,

176 1653 307 1682 manu
327 1637 527 1683 extraxit.
549 1652 648 1682 cum
671 1634 899 1681 viliffimae
919 1634 1046 1681 sortis
1067 1633 1269 1680 homines
1290 1634 1454 1697 ingenti

172 1707 338 1770 impetu
356 1709 399 1753 in
425 1720 567 1753 tutum
589 1707 804 1753 evaserint
819 1742 832 1763 ,
863 1721 1052 1769 cumque
1070 1707 1318 1752 commodo
1336 1707 1455 1753 mori

173 1796 264 1826 non
300 1779 508 1837 licuifl‘et,
543 1795 624 1825 nec
661 1779 715 1825 ad
751 1777 978 1824 arbitrium
1009 1775 1130 1824 suum
1170 1776 1456 1824 instrumenta

174 1853 329 1901 mortis
357 1854 542 1917 eligere:
574 1853 710 1899 obvia
738 1868 937 1915 quaeque
969 1848 1238 1914 rapuerunt,
1274 1863 1317 1898 et
1342 1867 1456 1915 quae

175 1938 323 1970 natura
345 1941 435 1970 non
461 1924 581 1969 erant
612 1924 743 1969 noxia
762 1959 774 1979 ‚
794 1923 842 1967 vi
864 1923 934 1968 sua
960 1922 1040 1968 tela
1063 1920 1276 1969 fecerunt.
1300 1924 1454 1986 Nuper

173 1995 220 2042 in
240 1996 344 2042 ludo
366 1996 666 2043 bestiariorum
684 2033 697 2053 ‚
719 2013 828 2042 unus
846 2014 870 2042 e
890 1996 1122 2042 Germanis
1136 2031 1148 2052 ‚
1173 2013 1271 2042 cum
1290 1998 1342 2042 ad
1363 2014 1453 2043 mas·

175 2068 318 2114 tutina
338 2067 577 2128 speelacula
598 2080 844 2129 pararetur,
865 2067 1025 2114 seceffit
1045 2068 1099 2113 ad
1122 2070 1454 2116 exonerandum

178 2157 351 2202 corpus.
384 2142 546 2187 nullum
573 2143 686 2188 aliud
715 2142 774 2187 illi
796 2141 978 2187 dabatur
997 2142 1085 2187 fine
1114 2143 1291 2188 custode
1315 2142 1454 2189 secre-

178 2224 284 2261 tum.
326 2212 386 2258 ibi
418 2213 580 2275 lignum
610 2213 655 2259 id
674 2249 686 2270 ‚
718 2214 838 2275 quod
857 2214 910 2257 ad
939 2213 1210 2258 emundanda
1238 2213 1455 2259 obscoena

178 2288 436 2332 adhaerente
455 2286 635 2350 spongia
654 2287 841 2349 positum
858 2287 944 2345 est,
975 2300 1117 2333 totum
1142 2288 1186 2332 in
1206 2288 1348 2350 gulam
1369 2288 1456 2333 far-

179 2360 257 2415 fit,
285 2373 327 2406 et
347 2359 393 2406 vi
415 2361 642 2422 praeclusis
668 2359 866 2407 faucibus
892 2362 1086 2424 spiritum
1112 2362 1228 2408 elisit.
1250 2363 1349 2408 Hoc
1372 2362 1456 2408 fuit

180 2432 313 2478 morti
336 2434 644 2479 contumeliam
665 2433 822 2481 facere.
851 2435 907 2481 ita
929 2436 1116 2496 prorsus.
1146 2437 1301 2480 Parum
1323 2454 1456 2481 munm

181 2506 261 2562 de,
280 2517 322 2552 et
347 2523 503 2568 parum
520 2507 732 2555 decenter.
754 2508 874 2568 Quid
896 2508 953 2554 est
974 2507 1162 2564 stultius,
1186 2524 1314 2571 quam
1335 2507 1457 2555 fasti-
