1807 3004
312 197 399 243 134
557 181 608 228 L.
654 179 938 226 ANNAEI
989 177 1331 243 SENECAE,

304 290 426 335 Haec
453 301 598 334 tamen
618 284 839 348 praecepti
860 284 945 330 mei
965 282 1133 330 summa
1153 281 1214 331 est
1235 300 1246 328 :
1267 282 1336 328 Sic
1356 298 1460 328 cum
1477 280 1591 329 infe-

302 360 424 407 riore
454 359 605 413 vivas,
626 357 1004 419 quemadmodum
1026 368 1180 419 tecum·
1200 351 1470 419 superiorem
1499 354 1593 401 vel-

304 431 366 479 les
387 432 554 481 vivere.
588 429 846 490 Quotiesmin,
870 440 1061 490 utentem
1082 427 1258 493 venerit
1273 462 1286 484 ‚
1310 439 1521 489 quantum
1539 428 1592 472 ti-

304 506 350 553 bi
374 506 416 551 in
443 505 618 551 servum
645 501 772 550 liceat
789 519 811 563 λ,ε
840 499 994 563 Δνεὶηὶῐειῑ
1019 498 1064 544 in
1088 511 1280 545 mentem
1296 534 1310 554 ‚
1339 497 1591 543 tantundem

306 579 353 625 in
376 593 418 625 te
437 577 624 624 domino
652 588 731 622 tuo
756 574 901 621 licere.
922 574 981 618 At
1007 589 1117 636 ego,
1137 572 1306 638 inquis,
1336 571 1499 618 nullum
1521 571 1595 616 ha-

307 651 395 696 beo
423 647 671 702 dominum.
709 647 834 692 Bona
863 643 1070 693 aetasest.
1099 642 1493 710 forfitaii„habebis.
1522 659 1596 689 ne·

305 721 386 770 scis
414 737 499 785 qua
523 708 664 768 aetate
690 718 870 764 Hecuba
891 708 1052 764 servire
1063 710 1312 780 (coeperit,
1338 733 1425 780 qua
1450 717 1595 763 Croe-

307 793 404 851 sus,
436 810 522 857 qua
553 791 685 839 Darii
716 805 884 848 mater,
908 807 994 853 qua
1026 790 1179 846 Plato,
1208 807 1295 853 qua
1328 784 1596 852 Diogenes?

309 869 430 915 Vive
461 884 562 914 cum
595 868 736 929 servo·
760 865 1012 912 clementer.
1040 865 1232 919 comiter
1266 878 1448 926 quoque
1473 875 1516 909 et
1551 863 1598 910 in

310 939 562 986 sermonem
593 937 802 996 admitte,
834 949 876 985 et
903 936 950 984 in
981 937 1211 985 confilium
1229 972 1243 994 ,
1272 947 1314 1001 et
1343 935 1389 982 in
1412 935 1600 984 convic-

310 1023 420 1059 tum.
456 1013 558 1058 Hoc
583 1012 687 1058 loco
711 1011 971 1059 acclamabit
1005 1010 1114 1056 mihi
1144 1022 1238 1056 tota
1263 1025 1414 1056 manus
1443 1008 1602 1055 delica-

311 1096 464 1131 torum
494 1102 506 1130 :
538 1084 664 1130 Nihil
690 1084 770 1130 hac
799 1102 847 1131 re
878 1084 1118 1142 humilius,
1140 1082 1249 1129 nihil
1281 1081 1465 1145 turpius.
1506 1082 1604 1145 Hos

316 1176 401 1223 ego
427 1160 607 1218 eosdem
634 1159 986 1223 deprehendam,
1016 1159 1259 1218 alienorum
1283 1158 1512 1205 servorum
1536 1159 1605 1204 os·

317 1233 510 1278 culantes
534 1248 728 1289 manum.
748 1234 817 1278 Ne
835 1231 942 1278 illud
963 1232 1142 1294 quidem
1161 1231 1337 1288 videtis,
1352 1247 1487 1293 quam
1507 1247 1607 1277 om-

317 1321 418 1352 nem
444 1303 660 1355 invidiam
687 1304 874 1351 maiores
898 1304 1035 1350 nostri
1061 1303 1478 1361 dominis‚,omnem
1498 1320 1609 1350 con-

318 1377 543 1425 tumeliam
565 1377 702 1426 servis
729 1377 1030 1426 detraxerint?
1060 1376 1311 1423 Dominum
1331 1410 1345 1434 ,
1368 1375 1607 1438 patremfa-

318 1451 464 1498 miliae
489 1451 820 1514 appellaverunt
842 1469 854 1498 τ
886 1452 1037 1500 servos
1061 1450 1206 1514 (quod
1230 1448 1360 1497 etiam
1386 1448 1431 1495 in
1460 1448 1607 1497 mimis

321 1524 463 1571 adhuc
491 1524 648 1586 durat)
678 1525 927 1574 familiares.
964 1525 1244 1572 Instituerunt
1275 1522 1391 1570 diem
1414 1521 1571 1571 festum
1594 1560 1609 1582 ,

322 1614 416 1662 quo
437 1613 530 1645 non
559 1599 701 1646 solum
732 1617 833 1649 cum
854 1600 990 1649 servis
1013 1597 1185 1647 domini
1210 1596 1519 1656 vescerentur,
1537 1599 1609 1651 sed

261 1719 276 1723 Α
321 1686 415 1733 quo
445 1668 818 1733 utiquehonores
842 1673 923 1722 illis
948 1673 994 1722 in
1021 1673 1161 1721 domo
1186 1687 1368 1734 gerere,
1388 1669 1461 1717 >ius
1486 1671 1608 1719 dice-

321 1759 373 1790 re
412 1745 729 1805 permiserunt,
766 1757 808 1792 et
837 1747 1022 1793 domum
1059 1746 1253 1809 pusillam
1289 1744 1608 1807 rempublicam

323 1815 409 1862 effe
427 1814 747 1871 iudicaverunt.
775 1818 899 1878 Quid
928 1818 1066 1882 ergo?
1091 1833 1248 1864 omnes
1276 1817 1429 1863 servos
1448 1817 1610 1863 admo·

325 1887 447 1935 vebo
471 1889 643 1936 mensae
660 1891 815 1938 meae?
836 1907 928 1938 non
947 1891 1083 1955 magis
1101 1907 1233 1953 quam
1258 1905 1415 1936 omnes
1434 1889 1611 1937 liberos.

324 1964 468 2019 Erras,
485 1962 515 2009 fi
533 1963 753 2011 existimas
772 1981 843 2011 me
861 1965 1075 2028 quosdam
1095 1964 1212 2027 quali
1230 1962 1487 2011 sordidioris
1504 1980 1614 2026 ope-
1645 1979 1659 1992 ·

326 2052 399 2082 rae
431 2035 691 2084 τεὶεὲὶυηιιῃ
707 2046 729 2095 ,’
755 2051 804 2092 ut
831 2050 933 2101 puta
963 2038 1086 2085 illum
1115 2037 1360 2085 mulionem
1377 2071 1391 2093 ‚
1419 2048 1462 2083 et
1487 2036 1609 2084 illum

328 2109 567 2156 bubulcum
588 2128 599 2157 :
623 2128 716 2158 non
734 2111 980 2160 ministeriis
1008 2113 1111 2161 illos,
1131 2111 1369 2159 aestimabo
1386 2146 1400 2169 ,
1420 2111 1494 2158 sed
1509 2127 1613 2158 mo-

327 2183 459 2230 ribus.
486 2184 577 2231 Sibi
598 2185 796 2249 ‘quisque
827 2187 901 2234 dat
926 2203 1072 2234 mores
1099 2204 1111 2233 t
1135 2184 1371 2232 ministeria
1399 2184 1517 2232 casus
1544 2183 1610 2230 as-

328 2256 476 2321 {ignat
499 2259 695 2319 Quidam
718 2272 907 2308 coenent
927 2275 1096 2316 tecum,
1115 2258 1220 2323 quia
1239 2257 1359 2322 digni
1375 2257 1495 2311 sunt,
1517 2254 1618 2319 qui-

331 2332 456 2389 dam,
475 2347 525 2380 ut
551 2333 644 2381 sint.
670 2334 714 2381 Si
732 2334 840 2397 quid
857 2334 974 2381 enim
995 2333 1141 2380 inillis
1162 2350 1216 2380 ex
1232 2330 1408 2378 sordida
1423 2344 1618 2393 conver-

329 2402 495 2452 {atione
520 2405 676 2454 servile
701 2407 788 2461 est,
815 2406 1117 2455 honestiorum
1141 2405 1374 2454 convifius
1405 2401 1616 2450 excutiet.

329 2476 439 2524 Non
460 2477 543 2536 est,
568 2480 632 2527 mi
662 2481 831 2540 Lucili,
857 2480 980 2545 quod
1008 2479 1200 2528 amicum
1225 2490 1398 2527 tantum
1425 2475 1475 2525 in
1506 2473 1615 2524 foro
