1797 2956
299 176 386 221 166
521 176 570 222 L.
620 175 909 221 ANNAEI
957 174 1312 222 SENECAE

293 279 516 327 horrescet
536 280 589 325 ad
610 280 746 325 subita
762 315 775 337 ‚
811 294 854 326 et
873 279 1074 343 caligabit
1089 312 1105 337 ‚
1142 282 1171 326 fi
1195 280 1359 327 vastam
1379 280 1572 329 altitudi-

293 353 470 400 nemin
501 353 724 414 crepidine
760 351 850 398 eius
881 351 1141 398 constitutus
1174 353 1432 415 despexerit.
1465 354 1573 399 Non

292 425 354 470 est
385 425 455 471 hic
488 425 656 480 timor,
692 424 763 470 sed
794 424 994 470 naturalis
1023 424 1193 472 affectio
1226 425 1575 488 inexpugnabilis

292 498 467 545 rationi.
488 501 633 559 ltaque
660 497 794 544 sortes
815 496 992 559 quidam
1009 532 1022 552 ,
1051 508 1093 541 et
1118 497 1367 558 paratiffimi
1393 497 1576 543 fundere

290 571 412 618 suum
440 569 694 634 sanguinem
712 606 726 626 ,
747 570 935 615 alienum
956 568 1105 615 videre
1125 585 1215 614 non
1238 570 1415 631 possunt
1436 587 1446 613 :
1472 570 1574 632 qui-

297 646 397 689 dam
417 645 471 689 ad
491 644 682 691 vulneris
700 643 808 691 novi
826 680 840 699 ‚
859 642 1035 705 quidam
1056 643 1110 688 ad
1129 643 1286 690 veteris
1306 658 1349 689 et
1368 645 1574 706 purulen-

292 717 324 763 ti
352 718 654 766 tractationem
685 716 1089 779 inspectionemque
1120 716 1389 774 concidunt,
1417 730 1461 764 et
1490 718 1574 762 lin-

293 801 486 851 quuntur
505 790 654 836 animo
674 807 683 834 :
701 790 767 834 alii
788 788 978 851 gladium
1000 788 1168 835 facilius
1189 788 1428 850 recipiunt,
1443 805 1575 851 quam

292 861 459 908 vident.
486 860 603 908 Sensi
632 877 740 924 ergo
762 859 841 923 (ut
862 859 1091 924 dicebam)
1120 861 1339 922 quandam
1360 877 1450 907 non
1473 861 1574 923 qui·

290 934 392 979 dem
427 935 801 996 perturbationem
822 969 835 991 ,
865 933 938 981 sed
967 935 1255 981 mutationem
1287 952 1297 980 ε
1327 935 1492 991 rursus,
1523 934 1577 980 ad

292 1005 484 1068 primum
519 1006 804 1069 conspechtm
838 1007 1029 1053 redditae
1061 1008 1196 1064 lucis,
1231 1006 1425 1052 alacritas
1454 1006 1579 1051 inco-

293 1079 423 1142 gitata
441 1080 570 1126 rediit
591 1094 633 1127 et
647 1078 814 1125 iniussa.
834 1077 943 1124 Illud
961 1078 1117 1126 deinde
1138 1095 1308 1125 mecum
1328 1079 1450 1142 loqui
1470 1094 1575 1127 coe-

295 1152 370 1214 pi,
404 1169 536 1215 quam
564 1152 711 1214 inepte
740 1153 955 1214 quaedam
986 1153 1122 1216 magis
1151 1169 1201 1199 ac
1233 1153 1373 1199 minus
1402 1152 1578 1199 timere-

234 1261 239 1267 .
294 1242 417 1283 must,
443 1243 544 1273 cum
568 1224 769 1272 omnium
792 1225 908 1270 idem
941 1223 1038 1269 finis
1068 1223 1184 1270 effet,
1214 1224 1339 1284 Quid
1362 1225 1482 1271 enim
1508 1224 1578 1271 in—

294 1298 422 1346 terest
442 1335 457 1356 ,
495 1315 644 1346 utrum
679 1298 805 1359 supra
838 1297 1025 1359 aliquem
1065 1296 1328 1359 vigiliarium
1363 1312 1490 1352 ruat,
1524 1314 1579 1344 an

295 1373 457 1421 mons?
491 1373 552 1420 nil
582 1373 794 1420 invenies.
824 1373 964 1418 Erunt
990 1385 1135 1417 tam-en
1163 1370 1239 1434 qui
1267 1371 1379 1417 hanc
1408 1371 1578 1418 ruinam

295 1446 434 1510 magis
455 1446 664 1501 timeant,
689 1445 892 1508 quamvis
910 1459 1095 1506 utraque
1114 1442 1341 1490 mortifera
1359 1459 1497 1506 aeque
1518 1442 1581 1492 fit.

299 1519 425 1565 Adeo
442 1535 533 1564 non
550 1517 729 1564 effectus
744 1553 757 1575 ‚
778 1518 848 1563 secl
866 1515 1096 1563 efficientia
1112 1515 1247 1562 timor
1262 1515 1437 1578 spectat.
1450 1517 1579 1564 Nunc

296 1610 369 1640 me
400 1603 522 1655 putas
547 1592 599 1638 de
628 1591 784 1656 Stoicis
807 1591 979 1647 dicere,
1010 1589 1085 1652 qui
1118 1589 1364 1637 existimant
1389 1590 1579 1638 animam

295 1667 492 1714 hominis
515 1682 675 1730 magno
695 1666 892 1729 pondere
911 1663 1059 1728 extriti
1079 1680 1302 1726 permeare
1322 1681 1410 1710 non
1429 1663 1550 1727 poffe
1564 1700 1578 1723 ‚

296 1754 340 1789 et
360 1742 498 1789 statim
518 1741 685 1804 spargi,
712 1741 814 1804 quia
834 1756 925 1786 non
946 1738 1077 1786 fuerit
1097 1738 1157 1785 illi
1177 1739 1318 1786 exitus
1334 1739 1445 1785 liber
1464 1758 1474 1785 ε
1494 1755 1578 1802 ego

295 1832 405 1863 vero
427 1831 518 1861 non
535 1813 754 1876 facio.qui
775 1814 862 1861 hoc
878 1813 1045 1870 dicunt,
1065 1813 1272 1859 videntur
1289 1813 1399 1859 mihi
1420 1830 1578 1860 errare.

296 1887 687 1947 Quemadmodum
719 1886 895 1933 flamma
924 1902 1015 1931 non
1046 1885 1190 1949 potest
1222 1886 1416 1948 opprimi
1442 1905 1451 1932 :
1478 1903 1579 1933 nam

296 1959 411 2006 circa
437 1958 480 2004 id
510 1958 705 2022 diffugit,
726 1975 820 2022 quo
849 1970 1027 2021 urgetur
1053 1976 1063 2004 ε
1098 1960 1478 2021 quemadmodum
1506 1960 1597 2006 aer

297 2031 481 2077 verbere
500 2043 573 2076 aut
592 2029 679 2076 ictu
698 2047 788 2075 non
806 2029 991 2075 laeditur
1004 2065 1018 2086 ,
1047 2046 1128 2076 nec
1148 2029 1355 2076 scinditur
1372 2030 1577 2094 quidem,

296 2102 367 2150 sed
388 2103 501 2150 circa
528 2101 573 2148 id
593 2101 663 2149 cui
688 2101 807 2149 ceffit
826 2100 1071 2148 refunditur
1091 2120 1102 2148 ε
1122 2101 1179 2148 fic
1206 2103 1398 2161 animus,
1417 2103 1493 2166 qui
1522 2121 1578 2151 ex

294 2175 544 2224 tenuiffimo
566 2174 733 2223 constat
747 2210 760 2231 ,
780 2173 1047 2236 deprehendi
1068 2190 1156 2219 non
1179 2174 1344 2232 potest,
1365 2193 1454 2222 nec*
1467 2175 1578 2222 intra

296 2264 459 2309 corpus
473 2247 631 2311 affligi:
656 2247 726 2294 sed
748 2244 963 2294 beneficio
986 2245 1225 2292 subtilitatis
1245 2245 1343 2293 suae
1360 2283 1374 2304 ,
1395 2264 1471 2309 per
1487 2246 1578 2309 ipsa

295 2320 453 2381 quibus
473 2319 686 2382 premitur
701 2355 715 2379 ,
733 2317 936 2381 erumpit.
957 2318 1205 2377 Quomodo
1225 2317 1427 2376 fulmini,
1445 2318 1575 2365 etiam

297 2410 398 2440 cum
422 2392 618 2438 latiss'ime
643 2392 848 2455 percuflit
874 2408 923 2438 ac
956 2390 1090 2449 fulsit,
1123 2408 1200 2453 per
1229 2391 1433 2455 exiguum
1457 2391 1577 2437 forav-

297 2481 397 2515 men
431 2464 490 2512 est
519 2466 682 2513 reditus
705 2483 717 2514 :
750 2465 807 2513 sic
833 2463 981 2511 animo
998 2495 1013 2520 ,
1041 2463 1118 2527 qui
1145 2463 1288 2511 adhuc
1313 2462 1488 2513 tenuior
1513 2461 1576 2511 est
