1807 3004
274 185 338 230 60
513 184 563 229 L.
621 180 921 228 ANNAEI
971 181 1328 228 SENECAE

271 291 379 337 sunt.
405 292 554 351 Itaque
587 289 691 334 dum
722 288 877 349 incipis
910 288 994 336 effe
1027 290 1182 335 mentis
1218 301 1316 335 tuae
1335 321 1349 344 ‚
1377 287 1553 335 interim

271 365 359 411 hoc
373 366 557 411 consilio
578 365 816 426 sapientum
837 377 958 412 utere
971 399 986 422 ,
1003 381 1050 411 ut
1067 365 1204 426 magis
1219 364 1274 410 ad
1294 380 1386 410 rem
1404 361 1554 410 existi-

271 453 365 484 mes
385 440 601 500 pertinere
615 474 628 495 ,
647 438 743 500 quis
759 473 772 495 ,
791 454 920 500 quam
941 438 1048 500 quid
1068 436 1302 501 acceperit.

573 571 1050 619 EPISTOLA
1132 567 1257 614 XX.

274 694 587 753 Plzilofhplziam
613 694 659 737 iaez
679 692 814 751 fac‘lis
828 728 839 750 ‚
860 711 943 737 non
964 694 1092 738 verbis
1112 689 1180 753 effi
1210 709 1219 737 :
1243 693 1382 751 itaque
1401 693 1461 735 ad
1477 691 1554 735 illa

341 770 538 813 eundum.
563 769 624 810 Ec
648 766 876 829 constanter
898 768 1089 810 eundum.
1109 784 1209 810 nam
1236 765 1483 824 Sapientia,
1505 765 1558 829 est

345 842 655 896 convenientia,
689 837 731 885 δ’
767 856 881 884 tenor
901 858 1009 884 unus
1042 843 1330 894 voluntatum,
1356 856 1404 882 ac
1432 838 1557 882 vitae.

336 915 568 971 Paupertas
592 914 716 956 etiam
741 930 826 956 non
855 914 1040 957 timenda
1060 929 1074 956 .·
1094 910 1135 957 6¹
1160 913 1351 967 divitiae,
1356 909 1406 972 st
1417 908 1558 969 afflat,

333 1001 418 1031 non
444 987 664 1029 amandae.
696 987 848 1028 Iterum
877 988 1080 1044 monitio,
1102 1002 1320 1046 pauperem
1337 984 1453 1032 certis
1472 983 1559 1030 die-

338 1062 414 1104 bus
438 1076 549 1120 agere
566 1093 578 1115 ,
606 1055 649 1105 δ’
674 1059 845 1105 imitari.
1195 1048 1197 1050 .

276 1184 375 1300 Sl
415 1247 558 1301 vales,
586 1261 628 1292 et
654 1258 698 1292 te
728 1246 911 1309 dignum
946 1258 1071 1308 putas
1101 1246 1178 1307 qui
1212 1243 1450 1307 aliquando
1480 1242 1560 1290 fias

271 1335 394 1378 tuus,
427 1323 612 1383 gaudeo.
641 1335 737 1365 mea
767 1319 882 1364 enim
910 1318 1053 1381 gloria
1077 1319 1186 1374 erit,
1205 1318 1297 1364 fite
1322 1317 1464 1374 istinc,
1484 1316 1560 1363 ubi

274 1392 363 1437 sine
393 1392 466 1455 spe
485 1392 675 1438 exeundi
707 1391 925 1438 fluctuaris
941 1428 956 1448 ,
985 1408 1231 1439 extraxere.
1252 1392 1357 1437 lllud
1388 1402 1559 1446 autem,

273 1463 336 1508 mi
366 1463 536 1520 Lucili,
561 1475 603 1508 te
633 1478 744 1524 rogo
773 1475 902 1525 atque
931 1463 1115 1519 hortor,
1147 1478 1196 1508 ut
1234 1460 1558 1524 philosophiam

275 1535 321 1580 in
360 1533 621 1596 praecordia
652 1531 739 1578 ima
771 1533 1002 1590 demittas,
1046 1548 1089 1580 et
1121 1533 1469 1594 experimentum
1496 1532 1559 1578 tui

273 1607 499 1669 profectus
520 1605 691 1666 capias,
712 1622 803 1651 non
823 1606 1041 1662 oratione,
1062 1623 1142 1652 nec
1158 1605 1318 1667 scripto
1341 1624 1350 1651 :
1374 1598 1448 1651 sed
1466 1606 1561 1651 ani-

276 1679 337 1725 mi
358 1677 564 1724 firmitate
582 1713 595 1732 ‚
614 1688 655 1722 et
672 1677 959 1738 cupiditatum
981 1677 1299 1724 deminutione.
1328 1677 1473 1722 Verba
1491 1694 1561 1723 re-

274 1753 356 1798 bus
386 1752 538 1813 proba.
567 1750 701 1796 Aliud
731 1750 1004 1813 propositum
1036 1751 1097 1798 est
1125 1750 1492 1808 declamantibus,
1517 1765 1561 1798 et

275 1822 560 1869 affentionem
594 1837 788 1868 coronae
821 1822 1120 1883 captantibus,
1151 1823 1265 1868 aliud
1294 1821 1360 1867 his
1389 1821 1464 1884 qui
1489 1821 1560 1868 iu-

275 1911 439 1943 venum
464 1907 508 1940 et
525 1892 771 1939 otiosorum
793 1909 917 1938 aures
936 1892 1229 1954 disputatione
1250 1892 1371 1939 varia
1388 1908 1461 1939 aut
1476 1909 1562 1939 vo·

276 1967 401 2014 lubili
426 1966 636 2013 detinent.
666 1968 820 2012 Facere
845 1966 977 2012 docet
998 1966 1301 2029 philosophia,
1327 1982 1419 2012 non
1444 1966 1563 2013 dice·

278 2058 323 2088 re
347 2053 421 2088 :et
450 2040 539 2086 hoc
567 2038 730 2102 exigit,
755 2053 801 2084 ut
820 2039 872 2086 ad
893 2038 1034 2102 legem
1060 2039 1176 2085 suam
1207 2040 1393 2102 quisque
1411 2039 1561 2097 vivat,

279 2130 335 2160 ne
353 2111 545 2158 orationi
570 2111 662 2158 vita
687 2110 933 2169 diffentiat,
953 2126 1003 2158 ut
1021 2112 1110 2173 ipsa
1135 2112 1250 2158 inter
1273 2110 1315 2158 se
1344 2112 1434 2158 vita
1460 2111 1563 2157 uni—-

282 2203 354 2244 us,
375 2185 463 2230 sine
491 2185 712 2232 affionum
731 2183 984 2230 diffenfione
998 2220 1012 2242 ,
1032 2184 1195 2232 coloris
1218 2185 1279 2232 sit.
1315 2184 1566 2231 Maxi-mum

280 2260 368 2310 hoc
392 2248 453 2306 est
474 2274 517 2306 et
542 2259 741 2306 officium
765 2256 1022 2320 sapientiae,
1051 2270 1092 2304 et
1117 2258 1357 2315 indicium,
1383 2269 1430 2303 ut
1458 2274 1569 2304 ver--

283 2333 349 2382 bis
387 2349 522 2393 opera
557 2332 860 2386 concordent,
899 2342 947 2377 ut
979 2342 1021 2377 et
1052 2329 1142 2392 ipse
1176 2330 1343 2392 ubique
1374 2346 1452 2391 par
1486 2329 1563 2377 fibi

284 2405 584 2469 idemquestsit.
619 2404 733 2464 Quis
750 2404 838 2453 hoc
862 2402 1124 2465 praestabit?
1156 2403 1313 2463 pauci,
1342 2402 1476 2464 aliqui
1500 2415 1563 2448 ta-

283 2495 399 2525 men.
429 2476 500 2524 Est
530 2477 705 2524 difficile
732 2476 819 2525 hoc
844 2493 855 2522 :
887 2491 969 2524 nec
997 2475 1102 2523 dico
1133 2474 1368 2538 sapientem
1395 2474 1564 2538 semper
