1807 3004
517 175 1102 220 EPJSTOLAE.
1384 192 1446 238 79

171 281 392 346 quotidie,
416 282 462 328 ‘et
488 281 618 344 carpi.
661 282 807 327 Nemo
833 292 918 326 tam
948 297 1056 343 puer
1087 279 1169 338 est,
1197 296 1245 328 ut
1276 283 1446 330 Cerbe-

172 373 267 402 rum
295 358 443 402 timeat
471 369 513 401 et
546 356 768 412 tenebras,
795 369 835 401 et
861 356 1068 401 larvalem
1098 355 1294 402 habitum
1320 359 1447 406 nudis

171 429 334 475 offibus
363 427 703 475 cohaerentium.
739 428 864 472 Mors
894 443 973 472 nos
1003 440 1075 473 aut
1102 428 1347 487 consumit,
1375 442 1448 478 aut

170 490 344 547 emittit.
364 500 531 546 Emiffis
551 501 733 546 meliora
751 501 929 557 restant,
949 517 1082 547 onere
1101 503 1294 550 detrafio
1309 522 1320 550 :
1335 522 1448 552 con-

170 573 320 620 sumtis
352 574 454 619 nihil
494 573 633 619 restat.
670 575 786 619 bona
821 575 978 635 pariter
1011 577 1209 638 malaque
1244 577 1447 629 submota

170 648 279 694 sunt.
318 648 518 693 Permitte
546 648 651 692 mihi
676 648 837 694 referre
866 648 1074 693 hocloco
1098 662 1219 696 tuum
1247 653 1448 715 versum,

171 719 204 766 fi
232 721 349 782 prius
372 721 670 776 admonuero,
701 734 747 770 ut
773 733 814 765 te
837 719 999 765 iudices
1027 738 1118 767 non
1146 723 1235 770 aliis
1263 725 1450 788 scripfis.

171 791 214 839 se
239 791 340 848 ista,
370 792 441 838 sed
469 792 598 838 etiam
627 793 718 838 tibi.
752 793 901 853 Turpe
924 791 984 838 est
1014 793 1130 839 aliud
1153 794 1301 858 loqui,
1327 799 1447 848 aliud

170 864 323 911 sentire
342 883 352 910 ε
374 880 542 926 quanto
569 864 757 927 turpius,
789 865 907 910 aliud
934 865 1142 923 scribere,
1171 867 1287 915 aliud
1315 870 1449 919 senti-

169 937 248 984 re?
270 937 453 982 Memini
475 949 515 983 te
536 938 654 982 illum
682 938 829 982 locum
853 937 1087 1000 aiiquando
1107 940 1323 999 tractasse,
1352 961 1446 992 non

169 1022 346 1071 repente
375 1025 452 1055 nos
475 1009 517 1054 in
541 1021 724 1055 mortem
747 1010 962 1065 incidere,
991 1010 1059 1055 sed
1082 1011 1324 1061 minutatim
1345 1034 1445 1077 pro-

170 1083 340 1130 cedere.
369 1083 582 1143 Quotidie
610 1083 850 1139 morimur,
879 1085 1077 1148 quotidie
1107 1086 1222 1132 enim
1257 1089 1447 1139 demitur

169 1156 311 1220 aliqua
335 1174 428 1219 pars
446 1157 589 1202 vitae:
609 1170 769 1203 ettunc
782 1175 963 1221 quoque
981 1175 1080 1205 cum
1102 1160 1356 1221 crescimus,
1378 1166 1450 1212 vi-

170 1244 214 1277 ta
242 1229 463 1276 decrescit.
502 1229 731 1276 Infantiam
753 1231 995 1286 amisimus,
1019 1231 1177 1280 deinde
1199 1236 1446 1297 pueritiam,

171 1303 330 1350 deinde
359 1302 694 1349 adolescentiam
723 1320 733 1349 t
760 1303 893 1366 usque
926 1304 979 1350 ad
1006 1304 1252 1353 hesternum
1269 1332 1293 1365 ,1
1313 1311 1446 1373 quid-

170 1375 277 1439 quid
297 1375 459 1421 transiit
481 1375 715 1437 temporis,
742 1375 882 1436 periit.
907 1375 1022 1423 hunc
1046 1377 1194 1440 ipsum
1208 1397 1336 1442 quem
1355 1383 1448 1444 agi-

170 1464 266 1495 mus
293 1447 406 1493 diem
425 1483 438 1505 ,
469 1463 570 1493 cum
599 1462 743 1492 morte
769 1446 1020 1493 dividimus.
1055 1449 1444 1508 Quemadmodum

171 1520 440 1584 clepsydram
467 1535 559 1566 non
578 1530 819 1564 extremum
843 1518 1104 1566 stillicidium
1131 1522 1349 1580 exhaurit,
1375 1526 1447 1574 sed

168 1596 382 1660 quidquid
400 1609 498 1644 ante
525 1594 706 1642 defluxit
724 1612 733 1640 t
755 1594 810 1641 s1c
833 1595 980 1641 uttima
1001 1595 1131 1654 hora,
1153 1615 1240 1660 qua
1265 1599 1350 1647 efl'e
1370 1602 1446 1649 de·-

170 1671 370 1726 smimus,
404 1686 495 1716 non
527 1670 614 1716 sola
646 1681 835 1715 mortem
867 1669 994 1727 facit,
1028 1670 1099 1716 sed
1121 1670 1210 1718 sola
1235 1673 1445 1730 consum-

171 1757 274 1788 mat.
310 1741 437 1787 Tune
470 1740 523 1785 ad
547 1739 662 1785 illam
695 1738 997 1800 pervenimus,
1027 1738 1098 1786 sed
1129 1740 1202 1787 diu
1230 1743 1447 1791 venimus.

171 1805 293 1861 Haec
313 1829 413 1860 cum
442 1811 746 1874 descripfiffes,
779 1827 870 1874 quo
901 1811 1008 1857 soles
1027 1827 1129 1870 ore,
1159 1811 1327 1875 semper
1354 1817 1448 1879 qui-

173 1887 273 1933 dem
299 1901 500 1947 magnus,
520 1901 743 1946 nunquam
760 1896 905 1929 tamen
923 1884 1068 1931 acrior
1082 1920 1095 1943 ,
1124 1901 1255 1948 quam
1276 1887 1349 1935 ubi
1368 1905 1446 1936 ve-

172 1960 288 2008 ritati
308 1959 566 2007 commodas
585 1959 720 2007 verba
734 1994 749 2016 ‚
770 1958 910 2005 dixisti
930 1976 941 2004 ε

239 2071 359 2115 Mors
380 2087 466 2114 non
485 2069 633 2113 ultima
648 2070 761 2113 venit
772 2087 793 2124 ,·
813 2086 915 2128 quae
931 2069 1041 2129 rapit
1057 2071 1205 2114 ultima
1217 2104 1230 2125 ‚
1258 2089 1366 2117 mors
1383 2074 1450 2140 est,

175 2177 299 2224 Malo
334 2192 377 2224 te
411 2176 554 2239 legas,
599 2192 730 2239 quam
765 2173 993 2238 epistolam
1030 2193 1188 2225 meam.
1225 2179 1450 2240 apparebit

174 2251 292 2299 enim
321 2251 423 2308 tibi,
454 2252 563 2297 hanc
597 2267 726 2313 quam
758 2251 962 2297 timemus
988 2263 1177 2298 mortem
1207 2266 1450 2301 extremam

175 2323 282 2382 esse,
299 2343 389 2371 non
412 2324 558 2370 solam.
571 2324 718 2372 Video
739 2341 830 2388 quo
847 2324 1021 2387 spectes.
1041 2325 1210 2389 quaeris
1226 2327 1331 2390 quid
1349 2329 1451 2378 huic

174 2396 380 2460 epistolae
396 2394 631 2443 infulserim
647 2431 660 2453 ‚
677 2396 796 2459 quod
813 2396 973 2442 diuum
992 2396 1173 2443 alicuius
1187 2398 1452 2457 animosum,
1478 2430 1489 2441 ,

174 2471 298 2535 quod
318 2481 601 2539 praeceptum
618 2469 753 2519 utile?
775 2471 840 2517 Ex
861 2470 945 2519 hac
962 2470 1055 2534 ipsa
1071 2471 1252 2519 materia
1277 2473 1454 2536 quaein
1512 2535 1514 2537 ‚
