1797 2956
358 191 452 236 400
615 176 660 221 L.
705 175 994 221 ANNAE1
1037 177 1378 223 SENECAE

354 283 406 329 lis
431 281 491 328 est
513 299 523 328 ε
547 281 618 329 sed
639 280 862 329 obscurata
878 317 891 338 ,
915 294 958 327 et
989 280 1199 343 oppressa.
1229 282 1297 328 Sic
1326 299 1503 347 quoque
1532 297 1628 332 rena

355 368 416 402 tat
450 357 697 417 resurgere,
726 369 769 400 et
803 368 958 400 contra
990 370 1124 415 prava
1157 354 1321 401 nititur.
1362 358 1484 402 nacta
1516 375 1628 405 vero

355 427 639 491 praesidium,
669 438 711 472 et
741 426 884 471 adiuta
913 425 1178 487 praeceptis,
1203 428 1497 475 convalescit:
1520 428 1549 475 ss
1569 442 1630 475 ta-

356 518 457 547 men
490 500 605 545 illam
644 499 810 544 diutina
842 497 969 559 pestis
1000 512 1090 541 non
1125 494 1303 555 infecit,
1330 516 1409 546 nec
1445 500 1631 547 enecuit.

354 578 479 622 Hanc
504 575 620 620 enim
645 591 699 620 ne
727 571 952 632 disciplina
981 569 1158 632 quidem
1187 571 1511 634 philosophiae,
1532 586 1629 620 toto

354 649 522 710 impetu
553 647 630 692 suo
661 646 875 702 connixa,
910 643 1113 689 restituet.
1160 645 1282 703 Quid
1311 646 1428 692 enim
1457 647 1632 694 interest

355 722 468 768 inter
494 723 665 767 decreta
693 719 996 783 philosophiae
1014 750 1027 773 ‚
1055 732 1098 765 et
1121 733 1381 781 praecepta:
1408 720 1481 766 nisi
1508 723 1630 784 quod

354 795 426 841 illa
453 793 666 857 generalia
695 804 921 854 praecepta
951 791 1077 848 sunt,
1103 791 1207 838 haec
1232 791 1426 853 specialia
1448 793 1464 838 ?
1494 795 1631 840 Utra-

355 885 443 932 que
469 884 534 914 res
560 866 770 930 praecipit
793 883 802 910 :
826 864 897 911 sed
917 865 1045 911 altera
1071 868 1114 909 in
1141 877 1284 910 totum
1305 898 1318 922 ,
1345 865 1631 927 particulatim

353 942 498 988 altera.
535 941 577 986 Si
608 940 706 1003 quis
726 971 739 994 ‚
767 939 936 1001 inquit,
967 938 1077 984 mdia
1105 938 1233 984 habet
1262 952 1306 985 et
1339 938 1520 985 honesta
1552 940 1632 985 de·-

355 1028 496 1071 creta,
529 1014 601 1060 hic
630 1030 682 1060 ex
720 1015 994 1075 supervacuo
1029 1024 1249 1058 monetur.
1301 1012 1499 1059 Minime.
1530 1030 1630 1059 nam

354 1089 427 1134 hic
453 1103 633 1151 quoque
664 1088 818 1133 doclus
849 1085 1025 1148 quidem
1051 1085 1111 1131 est
1138 1084 1304 1142 facere,
1332 1103 1442 1149 quae
1474 1086 1632 1133 debet:

355 1162 428 1208 sed
455 1160 595 1206 adhuc
622 1172 710 1204 non
740 1159 833 1204 satis
854 1159 1076 1220 prospicit.
1107 1159 1211 1204 Non
1234 1158 1348 1204 enim
1382 1171 1547 1204 tantum
1568 1159 1631 1205 af*

358 1231 545 1278 fectibus
570 1230 855 1292 impedimur,
883 1246 973 1293 quo
993 1230 1133 1277 minus
1161 1230 1387 1293 probanda
1410 1230 1632 1290 faciamus,

358 1305 431 1351 sed
464 1303 683 1366 imperitia
716 1302 974 1348 inveniendi
1008 1303 1116 1365 quid
1150 1319 1348 1366 quaeque
1379 1319 1444 1350 res
1480 1304 1634 1370 exigat.
1670 1362 1674 1365 Π

359 1379 584 1425 Habemus
607 1376 826 1422 interdum
858 1376 1152 1438 compositum
1178 1376 1370 1421 animum
1393 1394 1403 1422 :
1431 1376 1504 1424 sed
1535 1376 1636 1424 re'fiss

357 1455 489 1509 dem,
516 1465 559 1498 et
595 1449 923 1497 inexercitatum
955 1450 1008 1495 ad
1044 1450 1351 1496 inveniendam
1383 1451 1635 1497 officiorum

358 1525 475 1573 viam
491 1560 504 1584 ,
524 1538 657 1587 quam
681 1521 928 1568 admonitio
953 1522 1228 1567 demonstrat.
1265 1523 1465 1585 Expelle,
1483 1523 1638 1585 inquit,

360 1596 482 1643 falsas
510 1595 743 1658 opiniones
769 1594 821 1639 de
849 1592 981 1639 bonis
1000 1605 1043 1639 et
1068 1594 1188 1639 malis
1210 1610 1219 1639 :
1244 1593 1288 1639 in
1319 1595 1464 1640 locum
1491 1609 1636 1642 autem

360 1686 513 1716 earum
549 1684 674 1715 veras
707 1683 878 1729 >repone
915 1684 927 1712 z
961 1677 1003 1712 et
1040 1666 1146 1712 nihil
1181 1667 1358 1719 habebit
1392 1668 1636 1715 admonitio

361 1743 484 1807 quod
517 1755 626 1804 agat.
674 1740 918 1786 Ordinatur
950 1739 1026 1784 ista
1053 1739 1140 1785 siue
1171 1740 1310 1785 dubio
1344 1741 1512 1786 ratione
1541 1741 1634 1786 ani-

361 1832 484 1872 mus,
512 1813 584 1860 sed
615 1828 704 1858 non
724 1810 800 1857 ista
822 1822 1002 1857 tantum.
1036 1813 1148 1856 Nam
1182 1812 1384 1874 quamvis
1410 1829 1636 1876 argumen-

361 1889 414 1934 tis
440 1884 670 1933 collec'cum
697 1882 773 1940 fit,
799 1898 908 1945 quae
933 1883 1076 1936 bona,
1108 1898 1218 1944 quae
1246 1883 1355 1928 mala
1378 1883 1456 1934 sint
1478 1901 1488 1929 :
1521 1884 1636 1929 nihi—

359 1958 550 2005 lominus
579 1955 739 2001 habent
771 1967 1004 2016 praecepta
1034 1967 1174 2015 partes
1204 1953 1296 2000 suas
1319 1972 1338 2000 ⁷:
1371 1966 1414 2000 et
1443 1955 1636 2016 pruden—

362 2032 449 2086 tia,
478 2045 520 2077 et
552 2028 710 2075 iustitia
746 2027 902 2074 officiis
934 2026 1132 2074 constant
1162 2044 1174 2073 :
1212 2027 1356 2073 officia
1397 2028 1639 2091 praeceptis

365 2105 669 2168 disponuntur.
712 2102 969 2159 Praeterea,
1008 2100 1149 2162 ipsum
1182 2100 1235 2146 de
1272 2100 1400 2146 bonis
1431 2101 1640 2164 malisque

364 2177 578 2224 iudicium
609 2173 896 2223 confirmatur
939 2173 1189 2220 officiorum
1230 2173 1542 2231 exsecutione,
1586 2174 1640 2219 ad

365 2267 495 2313 quam
523 2259 755 2312 praecepta
790 2247 1045 2309 perducunt.
1090 2247 1288 2310 Utraque
1313 2246 1431 2292 enim
1462 2246 1574 2292 inter
1599 2245 1640 2292 se

366 2320 641 2368 consentiunt
668 2337 680 2365 t
718 2334 798 2365 nec
828 2317 899 2363 illa
932 2317 1109 2380 poffunt
1141 2318 1398 2380 praecedere
1421 2352 1435 2375 ,
1469 2330 1517 2363 ut
1548 2331 1641 2362 non

367 2395 472 2439 haec
506 2393 762 2455 sequantur3
798 2401 842 2435 et
873 2389 979 2435 haec
1011 2388 1211 2434 ordinem
1240 2387 1478 2452 'sequuntur
1497 2387 1641 2434 suum.

358 2466 498 2512 ,Unde
519 2455 696 2529 apparet
719 2462 791 2510 illa·
811 2462 1083 2525 praecedere„
1108 2461 1274 2508 Infinita
1292 2497 1306 2520 ,
1325 2461 1490 2526 inquit,
1517 2475 1641 2523 prae-
