1807 3004
530 208 1095 256 EplsTOLAE.
1356 222 1442 253 201

181 319 226 367 in
258 319 415 384 quibus
442 317 580 364 virtus
607 328 786 378 utraque
807 315 1068 363 ostenditur.
1099 317 1147 360 In
1170 313 1305 360 altero
1329 331 1450 360 nam-

181 410 267 455 que
293 391 494 438 naturalis
520 390 651 436 animi
683 389 873 436 remiffio
905 405 954 434 ac
979 388 1129 434 laxitas
1158 405 1169 434 ;
1202 385 1245 432 in
1278 387 1412 433 altero
1432 421 1448 443 ,

182 480 334 511 contra
361 477 551 510 naturam
575 463 717 508 dolor.
747 467 895 524 ltaque
913 460 1054 506 media
1071 460 1165 506 sunt
1190 458 1320 515 haec,
1337 475 1450 520 quae

181 537 419 599 plurimum
445 536 657 582 intervalli
683 535 906 597 recipiunt.
934 534 1081 579 Virtus
1102 534 1146 578 in
1167 546 1347 594 utraque
1371 547 1449 592 par

179 608 240 653 est
264 625 274 653 ε
298 607 502 654 virtutem
528 607 706 653 materia
733 625 823 653 non
854 619 1022 652 mutat:
1044 623 1124 652 nec
1157 605 1352 667 peiorem
1378 603 1450 648 fa-

179 681 238 727 cit
264 680 369 727 dura
397 696 439 726 et
469 680 684 737 difficilis,
718 697 798 727 nec
832 679 1060 725 meliorem
1090 677 1235 723 hilaris
1258 690 1301 723 et
1331 676 1453 722 laeta.

178 752 362 799 Necefi‘e
391 752 451 798 est
482 769 590 814 ergo
625 753 817 814 aequalia
848 751 927 799 fint
960 753 1074 797 bona
1105 763 1286 812 utraque
1313 766 1323 794 :
1349 748 1453 812 quia

178 841 259 870 nec
289 825 359 870 hic
386 824 527 886 potest
550 825 590 871 se
616 826 766 871 melius
797 825 842 870 in
873 826 959 870 hoc
989 825 1146 887 gaudio
1174 839 1343 886 gerere,
1371 837 1452 868 nec

177 897 249 944 ille
274 898 425 944 melius
449 899 492 944 in
516 899 598 945 illis
626 900 901 946 cruciatibus.
934 900 1024 945 duo
1048 915 1179 955 vero,
1207 896 1365 960 quibus
1382 896 1453 941 ni-

177 969 238 1014 hil
261 968 355 1015 fieri
386 970 538 1016 melius
562 970 730 1032 potest,
761 972 882 1034 paria
912 971 1021 1016 sunt·
1052 972 1165 1015 Nam
1184 969 1214 1014 fi
1239 985 1348 1032 quae
1374 985 1453 1014 ex-

176 1053 241 1087 tra
265 1042 474 1088 virtutem
502 1042 639 1104 posita
661 1044 780 1101 sunt,
800 1057 871 1090 aut
895 1044 1092 1089 minuere
1117 1042 1232 1088 illam
1248 1077 1261 1098 ,
1291 1054 1361 1087 aut
1378 1057 1454 1086 au-

176 1130 277 1176 gere
301 1114 505 1176 poffunt3
533 1115 684 1161 definit
712 1133 846 1162 unum
879 1117 1047 1162 bonum
1074 1114 1158 1162 effe
1175 1152 1187 1171 ,
1212 1115 1332 1177 quod
1365 1113 1453 1159 ho·-

177 1186 341 1232 nestum
371 1187 443 1234 est.
476 1190 518 1234 Si
545 1189 632 1236 hoc
666 1188 949 1244 concesseris,
971 1205 1102 1234 omne
1125 1187 1356 1233 honestum
1377 1202 1456 1247 pe-

176 1259 245 1306 rit.
274 1261 458 1321 Quare?
487 1262 658 1308 dicam:
688 1261 790 1324 quia
820 1262 925 1307 nihil
957 1260 1187 1306 honestum
1217 1259 1303 1317 est,
1329 1258 1453 1322 quod

176 1333 232 1377 ab
261 1333 406 1379 invito
424 1369 438 1390 ,
463 1335 585 1397 quod
604 1351 627 1380 a
654 1336 811 1382 coa&o
840 1333 900 1381 fit.
934 1352 1068 1382 omne
1098 1334 1327 1381 honestum
1363 1349 1453 1378 vo-

177 1405 408 1451 luntarium
427 1405 500 1452 est.
524 1406 729 1453 Admisce
747 1407 808 1452 illi
832 1406 1047 1469 pigritiam
1064 1442 1078 1464 ‚
1103 1407 1345 1469 querelam,
1365 1416 1454 1450 ter-

175 1479 538 1541 giversationem,
556 1493 720 1528 metum
743 1498 754 1526 :
773 1481 894 1543 quod
919 1481 1048 1527 habet
1070 1480 1114 1525 in
1142 1480 1184 1526 se
1207 1479 1454 1541 optimum,

177 1552 400 1615 perdidit,
429 1552 506 1599 fibi
538 1554 722 1615 placere.
765 1555 870 1599 Non
904 1553 1046 1615 potest
1073 1550 1304 1598 honestum
1338 1549 1455 1606 effe,

180 1626 306 1688 quod
332 1644 422 1674 non
442 1626 504 1673 est
531 1627 728 1673 liberum.
753 1642 853 1672 nam
875 1626 996 1687 quod
1023 1625 1170 1681 timet,
1188 1623 1332 1670 servit.
1354 1624 1454 1669 Ho-

175 1697 342 1744 nestum
369 1715 504 1745 omne
531 1699 729 1746 securum
757 1698 841 1753 est,
862 1698 1139 1761 tranquillum
1159 1696 1220 1743 est
1245 1715 1255 1742 :
1278 1695 1306 1742 fi
1325 1713 1452 1743 recu-

173 1769 234 1816 sat
262 1770 423 1834 aliquid
439 1806 452 1829 ‚
481 1772 510 1817 fi
528 1772 799 1833 complorat,
829 1770 858 1816 si
887 1771 1047 1817 malum
1068 1770 1228 1816 iudicat
1244 1804 1258 1825 ,
1280 1782 1452 1830 pertur-

173 1844 398 1891 bationem
424 1845 610 1908 recipit,
635 1856 678 1891 et
707 1843 752 1891 in
780 1861 935 1908 magna
963 1843 1176 1891 discordia
1213 1842 1451 1890 volutatur.

173 1916 289 1962 Hinc
318 1917 435 1963 enim
466 1917 630 1979 species
659 1918 766 1964 reffi
795 1931 956 1975 vocat,
991 1916 1107 1963 illinc
1141 1913 1328 1977 suspicio
1348 1913 1449 1960 maii

172 1989 367 2035 retrahit.
419 1991 568 2052 Itaque
600 1989 677 2053 qui
711 1989 890 2036 honeste
925 1989 1088 2051 aliquid
1123 1987 1311 2034 faffltrus
1344 1987 1405 2032 est
1431 2022 1448 2044 ‚

173 2060 387 2123 quidquid
409 2062 653 2125 opponitur
671 2098 684 2120 ,
716 2063 761 2110 id
788 2065 916 2109 etiarn
949 2062 978 2108 si
1003 2060 1339 2108 incommodum
1367 2076 1448 2120 pu-

173 2146 265 2190 tat,
298 2134 461 2179 malum
495 2152 585 2181 non
615 2148 772 2197 putat:
803 2135 924 2182 velut
950 2135 1088 2181 libens
1124 2132 1264 2179 faciet.
1297 2133 1446 2181 Omne

173 2207 403 2253 honestum
424 2208 627 2255 iniussum
642 2245 657 2267 ‚
682 2209 1014 2270 incoac'cumque
1036 2206 1123 2264 est,
1147 2204 1381 2260 fincerum,
1402 2218 1446 2251 et

176 2281 298 2326 nuilo
329 2283 445 2327 malo
477 2283 677 2332 mixtum.
719 2284 818 2330 Scio
856 2282 963 2346 quid
991 2280 1098 2327 mihi
1127 2279 1216 2326 hoc
1242 2279 1346 2325 loco
1374 2295 1447 2324 re·

174 2354 379 2412 {ponderi
415 2354 558 2414 poffit.
593 2357 693 2403 Hoc
721 2355 847 2402 nobis
883 2354 1137 2416 persuadere
1161 2352 1352 2408 conaris,
1381 2351 1446 2397 ni-

174 2423 232 2468 hil
260 2424 479 2481 imereffe‚
496 2441 640 2474 utrum
660 2429 816 2491 aliquis
832 2429 874 2473 in
897 2428 1058 2490 gaudio
1079 2425 1152 2484 fit,
1172 2442 1224 2471 an
1242 2426 1286 2471 in
1305 2443 1444 2486 equu-

174 2495 246 2544 leo
261 2497 394 2546 iaceat
411 2535 425 2556 ,
444 2513 487 2547 et
510 2513 726 2550 tortorem
750 2501 874 2550 suum
892 2500 1023 2550 iaffet.
1051 2502 1251 2549 Poteram
1270 2500 1445 2563 respon»
