<?xml version="1.0" encoding="UTF-8"?>
<!DOCTYPE html PUBLIC "-//W3C//DTD XHTML 1.0 Transitional//EN"
    "http://www.w3.org/TR/xhtml1/DTD/xhtml1-transitional.dtd">
<html xmlns="http://www.w3.org/1999/xhtml" xml:lang="en" lang="en">
 <head>
  <title>
</title>
<meta http-equiv="Content-Type" content="text/html;charset=utf-8" />
  <meta name='ocr-system' content='tesseract 3.04.00' />
  <meta name='ocr-capabilities' content='ocr_page ocr_carea ocr_par ocr_line ocrx_word'/>
</head>
<body>
  <div class='ocr_page' id='page_1' title='image "./lannaeisenecaeph03seneuoft_0385.png"; bbox 0 0 1780 2988; ppageno 0'>
   <div class='ocr_carea' id='block_1_1' title="bbox 445 163 1421 225">
    <p class='ocr_par' dir='ltr' id='par_1_1' title="bbox 445 163 1421 225">
     <span class='ocr_line' id='line_1_1' title="bbox 445 163 1421 225; baseline -0.005 -13"><span class='ocrx_word' id='word_1_1' title='bbox 445 163 1075 212; x_wconf 70' lang='lat' dir='ltr'><strong>⁴Ep1sT0LAE,</strong></span> <span class='ocrx_word' id='word_1_2' title='bbox 1332 178 1421 225; x_wconf 58' lang='grc' dir='ltr'><strong>ςῃ</strong></span> 
     </span>
    </p>
   </div>
   <div class='ocr_carea' id='block_1_2' title="bbox 88 269 1425 2520">
    <p class='ocr_par' dir='ltr' id='par_1_2' title="bbox 88 269 1425 2520">
     <span class='ocr_line' id='line_1_2' title="bbox 88 269 1422 338; baseline -0.006 -17"><span class='ocrx_word' id='word_1_3' title='bbox 88 272 92 281; x_wconf 77' lang='lat'><em>&#39;</em></span> <span class='ocrx_word' id='word_1_4' title='bbox 154 273 271 338; x_wconf 86' lang='lat' dir='ltr'>quit,</span> <span class='ocrx_word' id='word_1_5' title='bbox 300 270 481 320; x_wconf 80' lang='lat' dir='ltr'>ambitio</span> <span class='ocrx_word' id='word_1_6' title='bbox 509 287 520 317; x_wconf 90' lang='lat'>:</span> <span class='ocrx_word' id='word_1_7' title='bbox 546 270 744 317; x_wconf 74' lang='lat' dir='ltr'><strong>omnium</strong></span> <span class='ocrx_word' id='word_1_8' title='bbox 775 287 886 334; x_wconf 82' lang='lat' dir='ltr'><strong>quae</strong></span> <span class='ocrx_word' id='word_1_9' title='bbox 922 281 1078 316; x_wconf 89' lang='lat' dir='ltr'><strong>terram</strong></span> <span class='ocrx_word' id='word_1_10' title='bbox 1109 279 1338 330; x_wconf 85' lang='lat' dir='ltr'><strong>premunt,</strong></span> <span class='ocrx_word' id='word_1_11' title='bbox 1370 269 1422 314; x_wconf 87' lang='lat' dir='ltr'><strong>fi-</strong></span> 
     </span>
     <span class='ocr_line' id='line_1_3' title="bbox 155 341 1425 410; baseline -0.004 -17"><span class='ocrx_word' id='word_1_12' title='bbox 155 363 301 410; x_wconf 79' lang='lat' dir='ltr'><strong>temps</strong></span> <span class='ocrx_word' id='word_1_13' title='bbox 323 347 393 393; x_wconf 84' lang='lat' dir='ltr'><strong>lex</strong></span> <span class='ocrx_word' id='word_1_14' title='bbox 410 345 513 392; x_wconf 86' lang='lat' dir='ltr'><strong>esto.</strong></span> <span class='ocrx_word' id='word_1_15' title='bbox 537 344 608 390; x_wconf 82' lang='lat' dir='ltr'><strong>Ad</strong></span> <span class='ocrx_word' id='word_1_16' title='bbox 630 344 778 390; x_wconf 85' lang='lat' dir='ltr'>omnia</span> <span class='ocrx_word' id='word_1_17' title='bbox 799 343 998 407; x_wconf 76' lang='lat' dir='ltr'><strong>patienda</strong></span> <span class='ocrx_word' id='word_1_18' title='bbox 1016 358 1139 405; x_wconf 84' lang='lat' dir='ltr'><strong>pares</strong></span> <span class='ocrx_word' id='word_1_19' title='bbox 1155 341 1299 388; x_wconf 86' lang='lat' dir='ltr'><strong>sumus</strong></span> <span class='ocrx_word' id='word_1_20' title='bbox 1317 359 1327 387; x_wconf 75' lang='grc' dir='ltr'>ε</span> <span class='ocrx_word' id='word_1_21' title='bbox 1348 359 1425 388; x_wconf 84' lang='lat' dir='ltr'><strong>ne·-</strong></span> 
     </span>
     <span class='ocr_line' id='line_1_4' title="bbox 155 415 1423 482; baseline -0.006 -14"><span class='ocrx_word' id='word_1_22' title='bbox 155 437 232 467; x_wconf 90' lang='lat' dir='ltr'><strong>mo</strong></span> <span class='ocrx_word' id='word_1_23' title='bbox 261 421 395 467; x_wconf 84' lang='lat' dir='ltr'><strong>altero</strong></span> <span class='ocrx_word' id='word_1_24' title='bbox 420 418 615 482; x_wconf 73' lang='lat' dir='ltr'>fragilior</span> <span class='ocrx_word' id='word_1_25' title='bbox 640 418 724 476; x_wconf 88' lang='lat' dir='ltr'><strong>est,</strong></span> <span class='ocrx_word' id='word_1_26' title='bbox 748 434 880 464; x_wconf 86' lang='lat' dir='ltr'><strong>nemo</strong></span> <span class='ocrx_word' id='word_1_27' title='bbox 908 417 953 462; x_wconf 91' lang='lat' dir='ltr'><strong>in</strong></span> <span class='ocrx_word' id='word_1_28' title='bbox 981 417 1211 465; x_wconf 80' lang='lat' dir='ltr'><strong>crastinum</strong></span> <span class='ocrx_word' id='word_1_29' title='bbox 1242 415 1305 461; x_wconf 86' lang='lat' dir='ltr'><strong>sui</strong></span> <span class='ocrx_word' id='word_1_30' title='bbox 1329 433 1423 462; x_wconf 85' lang='lat' dir='ltr'><strong>cer-</strong></span> 
     </span>
     <span class='ocr_line' id='line_1_5' title="bbox 154 489 1423 540; baseline -0.005 0"><span class='ocrx_word' id='word_1_31' title='bbox 154 493 252 540; x_wconf 86' lang='lat' dir='ltr'>tior.</span> <span class='ocrx_word' id='word_1_32' title='bbox 272 492 514 539; x_wconf 82' lang='lat' dir='ltr'>Alexander</span> <span class='ocrx_word' id='word_1_33' title='bbox 534 492 826 539; x_wconf 78' lang='lat' dir='ltr'>Macedonum</span> <span class='ocrx_word' id='word_1_34' title='bbox 847 507 921 537; x_wconf 88' lang='lat' dir='ltr'><strong>rex</strong></span> <span class='ocrx_word' id='word_1_35' title='bbox 939 490 1100 536; x_wconf 84' lang='lat' dir='ltr'><strong>discere</strong></span> <span class='ocrx_word' id='word_1_36' title='bbox 1121 489 1423 535; x_wconf 85' lang='lat' dir='ltr'><strong>Geometriam</strong></span> 
     </span>
     <span class='ocr_line' id='line_1_6' title="bbox 152 562 1424 627; baseline -0.002 -17"><span class='ocrx_word' id='word_1_37' title='bbox 152 564 303 623; x_wconf 78' lang='lat' dir='ltr'>infelix</span> <span class='ocrx_word' id='word_1_38' title='bbox 340 577 567 627; x_wconf 86' lang='lat' dir='ltr'><strong>coeperat,</strong></span> <span class='ocrx_word' id='word_1_39' title='bbox 599 564 777 611; x_wconf 81' lang='lat' dir='ltr'><strong>sciturus</strong></span> <span class='ocrx_word' id='word_1_40' title='bbox 804 581 933 627; x_wconf 82' lang='lat' dir='ltr'><strong>quam</strong></span> <span class='ocrx_word' id='word_1_41' title='bbox 963 563 1112 626; x_wconf 78' lang='lat' dir='ltr'><strong>pufilla</strong></span> <span class='ocrx_word' id='word_1_42' title='bbox 1142 577 1258 608; x_wconf 84' lang='lat' dir='ltr'><strong>terra</strong></span> <span class='ocrx_word' id='word_1_43' title='bbox 1286 562 1389 608; x_wconf 82' lang='lat' dir='ltr'><strong>effet</strong></span> <span class='ocrx_word' id='word_1_44' title='bbox 1409 598 1424 620; x_wconf 90' lang='lat'>,</span> 
     </span>
     <span class='ocr_line' id='line_1_7' title="bbox 151 636 1424 703; baseline -0.002 -17"><span class='ocrx_word' id='word_1_45' title='bbox 151 655 204 686; x_wconf 85' lang='lat' dir='ltr'><strong>ex</strong></span> <span class='ocrx_word' id='word_1_46' title='bbox 229 655 312 702; x_wconf 86' lang='lat' dir='ltr'><strong>qua</strong></span> <span class='ocrx_word' id='word_1_47' title='bbox 331 639 564 686; x_wconf 87' lang='lat' dir='ltr'>minimum</span> <span class='ocrx_word' id='word_1_48' title='bbox 588 651 895 703; x_wconf 74' lang='lat' dir='ltr'><strong>occupaverat,</strong></span> <span class='ocrx_word' id='word_1_49' title='bbox 923 642 983 684; x_wconf 80' lang='lat' dir='ltr'><strong>Ita</strong></span> <span class='ocrx_word' id='word_1_50' title='bbox 1011 639 1137 696; x_wconf 77' lang='lat' dir='ltr'>(lice,</span> <span class='ocrx_word' id='word_1_51' title='bbox 1166 636 1338 696; x_wconf 78' lang='lat' dir='ltr'>infelix,</span> <span class='ocrx_word' id='word_1_52' title='bbox 1359 636 1424 684; x_wconf 25' lang='lat' dir='ltr'><strong>obv</strong></span> 
     </span>
     <span class='ocr_line' id='line_1_8' title="bbox 151 710 1421 776; baseline 0 -20"><span class='ocrx_word' id='word_1_53' title='bbox 151 711 260 768; x_wconf 90' lang='lat' dir='ltr'><strong>hoc,</strong></span> <span class='ocrx_word' id='word_1_54' title='bbox 288 712 409 774; x_wconf 83' lang='lat' dir='ltr'><strong>quod</strong></span> <span class='ocrx_word' id='word_1_55' title='bbox 435 713 672 776; x_wconf 82' lang='lat' dir='ltr'>intelligere</span> <span class='ocrx_word' id='word_1_56' title='bbox 692 713 874 759; x_wconf 81' lang='lat' dir='ltr'><strong>debebat</strong></span> <span class='ocrx_word' id='word_1_57' title='bbox 900 710 1052 757; x_wconf 80' lang='lat' dir='ltr'><strong>falsum</strong></span> <span class='ocrx_word' id='word_1_58' title='bbox 1073 712 1116 758; x_wconf 89' lang='lat' dir='ltr'><strong>se</strong></span> <span class='ocrx_word' id='word_1_59' title='bbox 1142 727 1289 774; x_wconf 80' lang='lat' dir='ltr'>gerere</span> <span class='ocrx_word' id='word_1_60' title='bbox 1313 726 1421 772; x_wconf 85' lang='lat' dir='ltr'><strong>cog-</strong></span> 
     </span>
     <span class='ocr_line' id='line_1_9' title="bbox 150 781 1421 848; baseline 0.001 -21"><span class='ocrx_word' id='word_1_61' title='bbox 150 799 327 830; x_wconf 86' lang='lat' dir='ltr'><strong>nomen.</strong></span> <span class='ocrx_word' id='word_1_62' title='bbox 360 783 457 848; x_wconf 87' lang='lat' dir='ltr'>quis</span> <span class='ocrx_word' id='word_1_63' title='bbox 491 784 609 830; x_wconf 87' lang='lat' dir='ltr'>enim</span> <span class='ocrx_word' id='word_1_64' title='bbox 645 784 727 831; x_wconf 74' lang='lat' dir='ltr'><strong>effe</strong></span> <span class='ocrx_word' id='word_1_65' title='bbox 765 801 945 848; x_wconf 79' lang='lat' dir='ltr'><strong>magnus</strong></span> <span class='ocrx_word' id='word_1_66' title='bbox 980 784 1022 829; x_wconf 86' lang='lat' dir='ltr'><strong>in</strong></span> <span class='ocrx_word' id='word_1_67' title='bbox 1055 783 1209 846; x_wconf 77' lang='lat' dir='ltr'>pusillo</span> <span class='ocrx_word' id='word_1_68' title='bbox 1243 781 1421 845; x_wconf 81' lang='lat' dir='ltr'><strong>potest?</strong></span> 
     </span>
     <span class='ocr_line' id='line_1_10' title="bbox 149 855 1423 921; baseline -0.001 -19"><span class='ocrx_word' id='word_1_69' title='bbox 149 859 281 903; x_wconf 84' lang='lat' dir='ltr'>Erant</span> <span class='ocrx_word' id='word_1_70' title='bbox 313 858 383 903; x_wconf 89' lang='lat' dir='ltr'>illa</span> <span class='ocrx_word' id='word_1_71' title='bbox 417 874 527 921; x_wconf 82' lang='lat' dir='ltr'><strong>quae</strong></span> <span class='ocrx_word' id='word_1_72' title='bbox 563 859 878 913; x_wconf 77' lang='lat' dir='ltr'><strong>tradebantur,</strong></span> <span class='ocrx_word' id='word_1_73' title='bbox 914 858 1083 905; x_wconf 78' lang='lat' dir='ltr'>subtilia</span> <span class='ocrx_word' id='word_1_74' title='bbox 1103 892 1118 916; x_wconf 86' lang='lat'><strong>,</strong></span> <span class='ocrx_word' id='word_1_75' title='bbox 1152 869 1193 902; x_wconf 89' lang='lat' dir='ltr'><strong>et</strong></span> <span class='ocrx_word' id='word_1_76' title='bbox 1226 855 1423 918; x_wconf 75' lang='lat' dir='ltr'>dili-genti</span> 
     </span>
     <span class='ocr_line' id='line_1_11' title="bbox 149 928 1423 995; baseline -0.002 -20"><span class='ocrx_word' id='word_1_77' title='bbox 149 931 391 978; x_wconf 87' lang='lat' dir='ltr'>intentione</span> <span class='ocrx_word' id='word_1_78' title='bbox 418 931 621 978; x_wconf 78' lang='lat' dir='ltr'><strong>discenda</strong></span> <span class='ocrx_word' id='word_1_79' title='bbox 647 949 658 978; x_wconf 72' lang='grc' dir='ltr'>ε</span> <span class='ocrx_word' id='word_1_80' title='bbox 690 949 779 978; x_wconf 89' lang='lat' dir='ltr'><strong>non</strong></span> <span class='ocrx_word' id='word_1_81' title='bbox 800 948 910 995; x_wconf 82' lang='lat' dir='ltr'><strong>quae</strong></span> <span class='ocrx_word' id='word_1_82' title='bbox 929 930 1156 994; x_wconf 75' lang='lat' dir='ltr'><strong>percipere</strong></span> <span class='ocrx_word' id='word_1_83' title='bbox 1181 928 1323 991; x_wconf 80' lang='lat' dir='ltr'><strong>poffet</strong></span> <span class='ocrx_word' id='word_1_84' title='bbox 1347 945 1423 974; x_wconf 87' lang='lat' dir='ltr'><strong>ve-</strong></span> 
     </span>
     <span class='ocr_line' id='line_1_12' title="bbox 147 999 1423 1065; baseline -0.004 -14"><span class='ocrx_word' id='word_1_85' title='bbox 147 1005 272 1053; x_wconf 82' lang='lat' dir='ltr'><strong>sanus</strong></span> <span class='ocrx_word' id='word_1_86' title='bbox 308 1006 474 1061; x_wconf 89' lang='lat' dir='ltr'><strong>homo,</strong></span> <span class='ocrx_word' id='word_1_87' title='bbox 506 1017 549 1051; x_wconf 84' lang='lat' dir='ltr'><strong>et</strong></span> <span class='ocrx_word' id='word_1_88' title='bbox 578 1019 694 1052; x_wconf 85' lang='lat' dir='ltr'><strong>trans</strong></span> <span class='ocrx_word' id='word_1_89' title='bbox 729 1006 958 1050; x_wconf 76' lang='lat' dir='ltr'><strong>Oceanum</strong></span> <span class='ocrx_word' id='word_1_90' title='bbox 995 1002 1292 1065; x_wconf 66' lang='lat' dir='ltr'><strong>cogitationes</strong></span> <span class='ocrx_word' id='word_1_91' title='bbox 1331 999 1423 1046; x_wconf 78' lang='lat' dir='ltr'><strong>suas</strong></span> 
     </span>
     <span class='ocr_line' id='line_1_13' title="bbox 147 1073 1422 1139; baseline -0.001 -18"><span class='ocrx_word' id='word_1_92' title='bbox 147 1077 334 1124; x_wconf 84' lang='lat' dir='ltr'><strong>mittens.</strong></span> <span class='ocrx_word' id='word_1_93' title='bbox 363 1077 539 1134; x_wconf 76' lang='lat' dir='ltr'><strong>Facssia,</strong></span> <span class='ocrx_word' id='word_1_94' title='bbox 557 1077 725 1139; x_wconf 82' lang='lat' dir='ltr'>inquit,</span> <span class='ocrx_word' id='word_1_95' title='bbox 746 1093 816 1122; x_wconf 82' lang='lat' dir='ltr'><strong>me</strong></span> <span class='ocrx_word' id='word_1_96' title='bbox 841 1074 977 1123; x_wconf 52' lang='lat' dir='ltr'><strong>doce}</strong></span> <span class='ocrx_word' id='word_1_97' title='bbox 999 1075 1107 1133; x_wconf 61' lang='lat' dir='ltr'>Cui,</span> <span class='ocrx_word' id='word_1_98' title='bbox 1134 1073 1422 1138; x_wconf 78' lang='lat' dir='ltr'><strong>praeceptor?</strong></span> 
     </span>
     <span class='ocr_line' id='line_1_14' title="bbox 144 1147 1424 1215; baseline -0.004 -18"><span class='ocrx_word' id='word_1_99' title='bbox 144 1151 225 1197; x_wconf 78' lang='lat' dir='ltr'><strong>lsta</strong></span> <span class='ocrx_word' id='word_1_100' title='bbox 244 1186 256 1208; x_wconf 85' lang='lat'>‚</span> <span class='ocrx_word' id='word_1_101' title='bbox 295 1151 468 1215; x_wconf 84' lang='lat' dir='ltr'>inquit,</span> <span class='ocrx_word' id='word_1_102' title='bbox 499 1150 706 1197; x_wconf 82' lang='lat' dir='ltr'>omnibus</span> <span class='ocrx_word' id='word_1_103' title='bbox 736 1151 888 1198; x_wconf 85' lang='lat' dir='ltr'><strong>eadem</strong></span> <span class='ocrx_word' id='word_1_104' title='bbox 920 1153 1046 1207; x_wconf 83' lang='lat' dir='ltr'><strong>sunt,</strong></span> <span class='ocrx_word' id='word_1_105' title='bbox 1086 1166 1222 1211; x_wconf 83' lang='lat' dir='ltr'><strong>aeque</strong></span> <span class='ocrx_word' id='word_1_106' title='bbox 1264 1147 1424 1193; x_wconf 45' lang='lat' dir='ltr'>diffie-im</span> 
     </span>
     <span class='ocr_line' id='line_1_15' title="bbox 143 1220 1421 1285; baseline -0.002 -17"><span class='ocrx_word' id='word_1_107' title='bbox 143 1223 213 1269; x_wconf 89' lang='lat' dir='ltr'>lia.</span> <span class='ocrx_word' id='word_1_108' title='bbox 249 1224 349 1269; x_wconf 92' lang='lat' dir='ltr'><strong>Hoc</strong></span> <span class='ocrx_word' id='word_1_109' title='bbox 378 1236 482 1285; x_wconf 83' lang='lat' dir='ltr'><strong>puta</strong></span> <span class='ocrx_word' id='word_1_110' title='bbox 501 1240 647 1270; x_wconf 85' lang='lat' dir='ltr'><strong>rerum</strong></span> <span class='ocrx_word' id='word_1_111' title='bbox 678 1234 875 1269; x_wconf 82' lang='lat' dir='ltr'><strong>naturam</strong></span> <span class='ocrx_word' id='word_1_112' title='bbox 904 1223 1050 1269; x_wconf 80' lang='lat' dir='ltr'><strong>dicere</strong></span> <span class='ocrx_word' id='word_1_113' title='bbox 1080 1238 1090 1266; x_wconf 91' lang='lat'>:</span> <span class='ocrx_word' id='word_1_114' title='bbox 1124 1222 1203 1267; x_wconf 82' lang='lat' dir='ltr'><strong>Ista</strong></span> <span class='ocrx_word' id='word_1_115' title='bbox 1233 1221 1286 1265; x_wconf 86' lang='lat' dir='ltr'><strong>de</strong></span> <span class='ocrx_word' id='word_1_116' title='bbox 1316 1220 1421 1282; x_wconf 76' lang='lat' dir='ltr'>qui-</span> 
     </span>
     <span class='ocr_line' id='line_1_16' title="bbox 144 1293 1425 1357; baseline -0.002 -17"><span class='ocrx_word' id='word_1_117' title='bbox 144 1295 223 1340; x_wconf 82' lang='lat' dir='ltr'><strong>bus</strong></span> <span class='ocrx_word' id='word_1_118' title='bbox 252 1294 471 1357; x_wconf 83' lang='lat' dir='ltr'><strong>quereris,</strong></span> <span class='ocrx_word' id='word_1_119' title='bbox 499 1295 704 1341; x_wconf 69' lang='lat' dir='ltr'>omnibus</span> <span class='ocrx_word' id='word_1_120' title='bbox 736 1295 886 1342; x_wconf 83' lang='lat' dir='ltr'><strong>eadem</strong></span> <span class='ocrx_word' id='word_1_121' title='bbox 911 1295 1005 1341; x_wconf 83' lang='lat' dir='ltr'><strong>sunt</strong></span> <span class='ocrx_word' id='word_1_122' title='bbox 1027 1313 1037 1340; x_wconf 73' lang='grc' dir='ltr'><em>τ</em></span> <span class='ocrx_word' id='word_1_123' title='bbox 1070 1294 1174 1340; x_wconf 81' lang='lat' dir='ltr'>nulli</span> <span class='ocrx_word' id='word_1_124' title='bbox 1198 1293 1290 1340; x_wconf 84' lang='lat' dir='ltr'>dari</span> <span class='ocrx_word' id='word_1_125' title='bbox 1316 1293 1425 1339; x_wconf 72' lang='lat' dir='ltr'>faci-</span> 
     </span>
     <span class='ocr_line' id='line_1_17' title="bbox 144 1364 1425 1430; baseline -0.001 -19"><span class='ocrx_word' id='word_1_126' title='bbox 144 1365 251 1412; x_wconf 73' lang='lat' dir='ltr'>liora</span> <span class='ocrx_word' id='word_1_127' title='bbox 278 1366 487 1428; x_wconf 61' lang='lat' dir='ltr'><strong>pofl‘unu</strong></span> <span class='ocrx_word' id='word_1_128' title='bbox 513 1366 585 1413; x_wconf 82' lang='lat' dir='ltr'><strong>sed</strong></span> <span class='ocrx_word' id='word_1_129' title='bbox 615 1367 810 1430; x_wconf 75' lang='lat' dir='ltr'>quisquis</span> <span class='ocrx_word' id='word_1_130' title='bbox 842 1367 991 1424; x_wconf 76' lang='lat' dir='ltr'><strong>volet,</strong></span> <span class='ocrx_word' id='word_1_131' title='bbox 1022 1365 1100 1412; x_wconf 77' lang='lat' dir='ltr'>fibi</span> <span class='ocrx_word' id='word_1_132' title='bbox 1124 1364 1200 1427; x_wconf 82' lang='lat' dir='ltr'>ipfi</span> <span class='ocrx_word' id='word_1_133' title='bbox 1227 1365 1297 1410; x_wconf 83' lang='lat' dir='ltr'>illa</span> <span class='ocrx_word' id='word_1_134' title='bbox 1327 1365 1425 1411; x_wconf 77' lang='lat' dir='ltr'><strong>red-</strong></span> 
     </span>
     <span class='ocr_line' id='line_1_18' title="bbox 144 1437 1425 1504; baseline -0.002 -20"><span class='ocrx_word' id='word_1_135' title='bbox 144 1439 216 1485; x_wconf 86' lang='lat' dir='ltr'><strong>det</strong></span> <span class='ocrx_word' id='word_1_136' title='bbox 237 1438 448 1486; x_wconf 74' lang='lat' dir='ltr'><strong>faciliora.</strong></span> <span class='ocrx_word' id='word_1_137' title='bbox 481 1440 767 1501; x_wconf 65' lang='lat' dir='ltr'><strong>Quomodo?</strong></span> <span class='ocrx_word' id='word_1_138' title='bbox 801 1439 1168 1504; x_wconf 74' lang='lat' dir='ltr'><strong>Aequanimitate.</strong></span> <span class='ocrx_word' id='word_1_139' title='bbox 1200 1439 1253 1482; x_wconf 88' lang='lat' dir='ltr'><strong>Et</strong></span> <span class='ocrx_word' id='word_1_140' title='bbox 1276 1437 1425 1483; x_wconf 74' lang='lat' dir='ltr'><strong>doleas</strong></span> 
     </span>
     <span class='ocr_line' id='line_1_19' title="bbox 144 1509 1424 1573; baseline 0 -16"><span class='ocrx_word' id='word_1_141' title='bbox 144 1525 351 1573; x_wconf 79' lang='lat' dir='ltr'><strong>oportet,</strong></span> <span class='ocrx_word' id='word_1_142' title='bbox 384 1525 427 1558; x_wconf 79' lang='lat' dir='ltr'><strong>et</strong></span> <span class='ocrx_word' id='word_1_143' title='bbox 453 1513 563 1560; x_wconf 81' lang='lat' dir='ltr'>fitias</span> <span class='ocrx_word' id='word_1_144' title='bbox 579 1549 591 1571; x_wconf 92' lang='lat'>‚</span> <span class='ocrx_word' id='word_1_145' title='bbox 628 1525 671 1560; x_wconf 86' lang='lat' dir='ltr'><strong>et</strong></span> <span class='ocrx_word' id='word_1_146' title='bbox 695 1513 872 1569; x_wconf 80' lang='lat' dir='ltr'><strong>esurias,</strong></span> <span class='ocrx_word' id='word_1_147' title='bbox 904 1527 946 1559; x_wconf 90' lang='lat' dir='ltr'><strong>et</strong></span> <span class='ocrx_word' id='word_1_148' title='bbox 976 1511 1166 1559; x_wconf 82' lang='lat' dir='ltr'><strong>senescas</strong></span> <span class='ocrx_word' id='word_1_149' title='bbox 1185 1542 1200 1565; x_wconf 90' lang='lat'>‚</span> <span class='ocrx_word' id='word_1_150' title='bbox 1226 1524 1268 1557; x_wconf 86' lang='lat' dir='ltr'><strong>et</strong></span> <span class='ocrx_word' id='word_1_151' title='bbox 1293 1510 1322 1555; x_wconf 85' lang='lat' dir='ltr'><strong>fi</strong></span> <span class='ocrx_word' id='word_1_152' title='bbox 1345 1509 1424 1557; x_wconf 74' lang='lat' dir='ltr'>tibi</span> 
     </span>
     <span class='ocr_line' id='line_1_20' title="bbox 144 1583 1421 1648; baseline 0 -20"><span class='ocrx_word' id='word_1_153' title='bbox 144 1583 322 1647; x_wconf 87' lang='lat' dir='ltr'><strong>longior</strong></span> <span class='ocrx_word' id='word_1_154' title='bbox 340 1585 575 1648; x_wconf 81' lang='lat' dir='ltr'><strong>contigerit</strong></span> <span class='ocrx_word' id='word_1_155' title='bbox 599 1586 711 1631; x_wconf 88' lang='lat' dir='ltr'><strong>inter</strong></span> <span class='ocrx_word' id='word_1_156' title='bbox 735 1586 937 1632; x_wconf 85' lang='lat' dir='ltr'><strong>homines</strong></span> <span class='ocrx_word' id='word_1_157' title='bbox 965 1600 1116 1644; x_wconf 77' lang='lat' dir='ltr'><strong>mora,</strong></span> <span class='ocrx_word' id='word_1_158' title='bbox 1138 1596 1180 1629; x_wconf 89' lang='lat' dir='ltr'><strong>et</strong></span> <span class='ocrx_word' id='word_1_159' title='bbox 1198 1594 1421 1645; x_wconf 74' lang='lat' dir='ltr'><strong>aegrotes,</strong></span> 
     </span>
     <span class='ocr_line' id='line_1_21' title="bbox 143 1655 1422 1720; baseline 0 -21"><span class='ocrx_word' id='word_1_160' title='bbox 143 1668 186 1699; x_wconf 86' lang='lat' dir='ltr'><strong>et</strong></span> <span class='ocrx_word' id='word_1_161' title='bbox 215 1656 368 1717; x_wconf 83' lang='lat' dir='ltr'><strong>perdas</strong></span> <span class='ocrx_word' id='word_1_162' title='bbox 405 1657 597 1720; x_wconf 83' lang='lat' dir='ltr'>aliquid,</span> <span class='ocrx_word' id='word_1_163' title='bbox 628 1671 670 1703; x_wconf 87' lang='lat' dir='ltr'><strong>et</strong></span> <span class='ocrx_word' id='word_1_164' title='bbox 697 1674 860 1720; x_wconf 84' lang='lat' dir='ltr'><strong>pereas.</strong></span> <span class='ocrx_word' id='word_1_165' title='bbox 902 1658 1008 1703; x_wconf 90' lang='lat' dir='ltr'><strong>Non</strong></span> <span class='ocrx_word' id='word_1_166' title='bbox 1040 1655 1098 1700; x_wconf 84' lang='lat' dir='ltr'><strong>est</strong></span> <span class='ocrx_word' id='word_1_167' title='bbox 1123 1669 1269 1701; x_wconf 82' lang='lat' dir='ltr'><strong>tamen</strong></span> <span class='ocrx_word' id='word_1_168' title='bbox 1299 1655 1422 1717; x_wconf 80' lang='lat' dir='ltr'><strong>quod</strong></span> 
     </span>
     <span class='ocr_line' id='line_1_22' title="bbox 143 1726 1419 1791; baseline -0.001 -19"><span class='ocrx_word' id='word_1_169' title='bbox 143 1726 257 1784; x_wconf 81' lang='lat' dir='ltr'>istis,</span> <span class='ocrx_word' id='word_1_170' title='bbox 284 1741 467 1789; x_wconf 58' lang='lat' dir='ltr'><strong>quaere</strong></span> <span class='ocrx_word' id='word_1_171' title='bbox 498 1729 882 1791; x_wconf 74' lang='lat' dir='ltr'><strong>circumstrepunt,</strong></span> <span class='ocrx_word' id='word_1_172' title='bbox 911 1728 1060 1775; x_wconf 84' lang='lat' dir='ltr'><strong>credas</strong></span> <span class='ocrx_word' id='word_1_173' title='bbox 1087 1745 1096 1772; x_wconf 74' lang='grc' dir='ltr'><em>τ</em></span> <span class='ocrx_word' id='word_1_174' title='bbox 1124 1726 1229 1772; x_wconf 85' lang='lat' dir='ltr'>nihil</span> <span class='ocrx_word' id='word_1_175' title='bbox 1262 1727 1419 1771; x_wconf 78' lang='lat' dir='ltr'><strong>horum</strong></span> 
     </span>
     <span class='ocr_line' id='line_1_23' title="bbox 144 1799 1420 1859; baseline -0.002 -15"><span class='ocrx_word' id='word_1_176' title='bbox 144 1800 306 1845; x_wconf 82' lang='lat' dir='ltr'><strong>malum</strong></span> <span class='ocrx_word' id='word_1_177' title='bbox 337 1799 422 1859; x_wconf 84' lang='lat' dir='ltr'><strong>est,</strong></span> <span class='ocrx_word' id='word_1_178' title='bbox 447 1801 553 1848; x_wconf 82' lang='lat' dir='ltr'>nihil</span> <span class='ocrx_word' id='word_1_179' title='bbox 577 1801 881 1858; x_wconf 75' lang='lat' dir='ltr'><strong>intolerabile,</strong></span> <span class='ocrx_word' id='word_1_180' title='bbox 913 1812 984 1845; x_wconf 82' lang='lat' dir='ltr'><strong>aut</strong></span> <span class='ocrx_word' id='word_1_181' title='bbox 1014 1800 1182 1845; x_wconf 71' lang='lat' dir='ltr'><strong>durum.</strong></span> <span class='ocrx_word' id='word_1_182' title='bbox 1213 1800 1278 1844; x_wconf 73' lang='lat' dir='ltr'><strong>Ex</strong></span> <span class='ocrx_word' id='word_1_183' title='bbox 1306 1814 1420 1843; x_wconf 87' lang='lat' dir='ltr'><strong>con-</strong></span> 
     </span>
     <span class='ocr_line' id='line_1_24' title="bbox 143 1869 1422 1934; baseline -0.002 -16"><span class='ocrx_word' id='word_1_184' title='bbox 143 1872 265 1918; x_wconf 81' lang='lat' dir='ltr'><strong>sensu</strong></span> <span class='ocrx_word' id='word_1_185' title='bbox 296 1871 381 1917; x_wconf 80' lang='lat' dir='ltr'>istis</span> <span class='ocrx_word' id='word_1_186' title='bbox 415 1883 556 1919; x_wconf 82' lang='lat' dir='ltr'><strong>metus</strong></span> <span class='ocrx_word' id='word_1_187' title='bbox 583 1873 656 1918; x_wconf 80' lang='lat' dir='ltr'><strong>est.</strong></span> <span class='ocrx_word' id='word_1_188' title='bbox 693 1873 748 1918; x_wconf 73' lang='lat' dir='ltr'><strong>sic</strong></span> <span class='ocrx_word' id='word_1_189' title='bbox 775 1884 968 1918; x_wconf 63' lang='lat' dir='ltr'><strong>moriem</strong></span> <span class='ocrx_word' id='word_1_190' title='bbox 999 1871 1156 1925; x_wconf 82' lang='lat' dir='ltr'><strong>times,</strong></span> <span class='ocrx_word' id='word_1_191' title='bbox 1185 1869 1422 1934; x_wconf 78' lang='lat' dir='ltr'><strong>quomodo</strong></span> 
     </span>
     <span class='ocr_line' id='line_1_25' title="bbox 143 1942 1420 2006; baseline -0.001 -18"><span class='ocrx_word' id='word_1_192' title='bbox 143 1942 306 1989; x_wconf 80' lang='lat' dir='ltr'><strong>famam</strong></span> <span class='ocrx_word' id='word_1_193' title='bbox 339 1961 349 1988; x_wconf 87' lang='lat'>:</span> <span class='ocrx_word' id='word_1_194' title='bbox 378 1945 483 2006; x_wconf 88' lang='lat' dir='ltr'>quid</span> <span class='ocrx_word' id='word_1_195' title='bbox 514 1958 658 1991; x_wconf 83' lang='lat' dir='ltr'><strong>autem</strong></span> <span class='ocrx_word' id='word_1_196' title='bbox 694 1944 858 1990; x_wconf 84' lang='lat' dir='ltr'>stultius</span> <span class='ocrx_word' id='word_1_197' title='bbox 894 1943 1106 1998; x_wconf 81' lang='lat' dir='ltr'><strong>homine,</strong></span> <span class='ocrx_word' id='word_1_198' title='bbox 1151 1942 1285 1989; x_wconf 84' lang='lat' dir='ltr'><strong>verba</strong></span> <span class='ocrx_word' id='word_1_199' title='bbox 1327 1958 1420 1988; x_wconf 79' lang='lat' dir='ltr'><strong>me·-</strong></span> 
     </span>
     <span class='ocr_line' id='line_1_26' title="bbox 143 2016 1421 2081; baseline 0.001 -20"><span class='ocrx_word' id='word_1_200' title='bbox 143 2016 321 2063; x_wconf 81' lang='lat' dir='ltr'><strong>tuente?</strong></span> <span class='ocrx_word' id='word_1_201' title='bbox 358 2018 587 2081; x_wconf 80' lang='lat' dir='ltr'><strong>Eleganter</strong></span> <span class='ocrx_word' id='word_1_202' title='bbox 629 2017 882 2065; x_wconf 77' lang='lat' dir='ltr'><strong>Demetrius</strong></span> <span class='ocrx_word' id='word_1_203' title='bbox 921 2017 1065 2064; x_wconf 78' lang='lat' dir='ltr'><strong>noster</strong></span> <span class='ocrx_word' id='word_1_204' title='bbox 1100 2018 1207 2064; x_wconf 84' lang='lat' dir='ltr'><strong>solet</strong></span> <span class='ocrx_word' id='word_1_205' title='bbox 1245 2017 1421 2073; x_wconf 85' lang='lat' dir='ltr'><strong>dicere,</strong></span> 
     </span>
     <span class='ocr_line' id='line_1_27' title="bbox 143 2089 1419 2152; baseline 0.002 -20"><span class='ocrx_word' id='word_1_206' title='bbox 143 2089 299 2133; x_wconf 78' lang='lat' dir='ltr'><strong>eodem</strong></span> <span class='ocrx_word' id='word_1_207' title='bbox 325 2089 428 2135; x_wconf 87' lang='lat' dir='ltr'><strong>loco</strong></span> <span class='ocrx_word' id='word_1_208' title='bbox 458 2089 535 2135; x_wconf 81' lang='lat' dir='ltr'>fibi</span> <span class='ocrx_word' id='word_1_209' title='bbox 562 2089 644 2136; x_wconf 74' lang='lat' dir='ltr'><strong>effe</strong></span> <span class='ocrx_word' id='word_1_210' title='bbox 671 2106 804 2137; x_wconf 85' lang='lat' dir='ltr'><strong>voces</strong></span> <span class='ocrx_word' id='word_1_211' title='bbox 830 2090 1164 2152; x_wconf 82' lang='lat' dir='ltr'><strong>imperitorum,</strong></span> <span class='ocrx_word' id='word_1_212' title='bbox 1189 2106 1279 2152; x_wconf 85' lang='lat' dir='ltr'><strong>quo</strong></span> <span class='ocrx_word' id='word_1_213' title='bbox 1308 2106 1419 2137; x_wconf 78' lang='lat' dir='ltr'><strong>ven-</strong></span> 
     </span>
     <span class='ocr_line' id='line_1_28' title="bbox 143 2161 1418 2226; baseline 0.003 -20"><span class='ocrx_word' id='word_1_214' title='bbox 143 2173 209 2206; x_wconf 77' lang='lat' dir='ltr'><strong>tre</strong></span> <span class='ocrx_word' id='word_1_215' title='bbox 236 2161 427 2209; x_wconf 76' lang='lat' dir='ltr'><strong>redditos</strong></span> <span class='ocrx_word' id='word_1_216' title='bbox 455 2163 657 2225; x_wconf 74' lang='lat' dir='ltr'><strong>crepitus.</strong></span> <span class='ocrx_word' id='word_1_217' title='bbox 697 2162 819 2223; x_wconf 80' lang='lat' dir='ltr'>Quid</span> <span class='ocrx_word' id='word_1_218' title='bbox 845 2163 960 2209; x_wconf 81' lang='lat' dir='ltr'>enim</span> <span class='ocrx_word' id='word_1_219' title='bbox 978 2199 989 2220; x_wconf 89' lang='lat'>‚</span> <span class='ocrx_word' id='word_1_220' title='bbox 1020 2162 1187 2226; x_wconf 82' lang='lat' dir='ltr'>inquit,</span> <span class='ocrx_word' id='word_1_221' title='bbox 1219 2180 1316 2210; x_wconf 84' lang='lat' dir='ltr'><strong>mea</strong></span> <span class='ocrx_word' id='word_1_222' title='bbox 1343 2180 1418 2210; x_wconf 88' lang='lat' dir='ltr'><strong>re·</strong></span> 
     </span>
     <span class='ocr_line' id='line_1_29' title="bbox 142 2232 1416 2297; baseline 0.004 -19"><span class='ocrx_word' id='word_1_223' title='bbox 142 2232 227 2280; x_wconf 81' lang='lat' dir='ltr'><strong>fert</strong></span> <span class='ocrx_word' id='word_1_224' title='bbox 247 2266 259 2287; x_wconf 83' lang='lat'>‚</span> <span class='ocrx_word' id='word_1_225' title='bbox 292 2234 453 2280; x_wconf 80' lang='lat' dir='ltr'><strong>sursum</strong></span> <span class='ocrx_word' id='word_1_226' title='bbox 486 2235 551 2281; x_wconf 71' lang='lat' dir='ltr'><strong>isti</strong></span> <span class='ocrx_word' id='word_1_227' title='bbox 583 2252 637 2282; x_wconf 82' lang='lat' dir='ltr'><strong>an</strong></span> <span class='ocrx_word' id='word_1_228' title='bbox 670 2235 871 2282; x_wconf 78' lang='lat' dir='ltr'><strong>deorsum</strong></span> <span class='ocrx_word' id='word_1_229' title='bbox 904 2236 1088 2283; x_wconf 74' lang='lat' dir='ltr'><strong>sonent?</strong></span> <span class='ocrx_word' id='word_1_230' title='bbox 1127 2238 1304 2297; x_wconf 78' lang='lat' dir='ltr'><strong>Quanta</strong></span> <span class='ocrx_word' id='word_1_231' title='bbox 1335 2237 1416 2284; x_wconf 85' lang='lat' dir='ltr'><strong>de-</strong></span> 
     </span>
     <span class='ocr_line' id='line_1_30' title="bbox 140 2307 1417 2372; baseline 0.004 -20"><span class='ocrx_word' id='word_1_232' title='bbox 140 2307 303 2353; x_wconf 85' lang='lat' dir='ltr'>mentia</span> <span class='ocrx_word' id='word_1_233' title='bbox 319 2308 378 2354; x_wconf 84' lang='lat' dir='ltr'><strong>est</strong></span> <span class='ocrx_word' id='word_1_234' title='bbox 399 2309 559 2366; x_wconf 84' lang='lat' dir='ltr'><strong>vereri,</strong></span> <span class='ocrx_word' id='word_1_235' title='bbox 581 2327 634 2356; x_wconf 86' lang='lat' dir='ltr'><strong>ne</strong></span> <span class='ocrx_word' id='word_1_236' title='bbox 655 2309 879 2356; x_wconf 84' lang='lat' dir='ltr'>infameris</span> <span class='ocrx_word' id='word_1_237' title='bbox 897 2311 950 2356; x_wconf 81' lang='lat' dir='ltr'><strong>ab</strong></span> <span class='ocrx_word' id='word_1_238' title='bbox 968 2310 1232 2358; x_wconf 79' lang='lat' dir='ltr'>infamibus?</span> <span class='ocrx_word' id='word_1_239' title='bbox 1249 2313 1417 2372; x_wconf 84' lang='lat' dir='ltr'><strong>Quem—</strong></span> 
     </span>
     <span class='ocr_line' id='line_1_31' title="bbox 141 2380 1414 2440; baseline 0.003 -15"><span class='ocrx_word' id='word_1_240' title='bbox 141 2380 381 2427; x_wconf 82' lang='lat' dir='ltr'><strong>admodum</strong></span> <span class='ocrx_word' id='word_1_241' title='bbox 410 2381 567 2428; x_wconf 75' lang='lat' dir='ltr'><strong>famam</strong></span> <span class='ocrx_word' id='word_1_242' title='bbox 594 2382 848 2429; x_wconf 79' lang='lat' dir='ltr'>extimuistis</span> <span class='ocrx_word' id='word_1_243' title='bbox 881 2382 971 2428; x_wconf 71' lang='lat' dir='ltr'><strong>fine</strong></span> <span class='ocrx_word' id='word_1_244' title='bbox 995 2383 1149 2430; x_wconf 77' lang='lat' dir='ltr'><strong>causa:</strong></span> <span class='ocrx_word' id='word_1_245' title='bbox 1179 2383 1237 2430; x_wconf 89' lang='lat' dir='ltr'><strong>fic</strong></span> <span class='ocrx_word' id='word_1_246' title='bbox 1266 2397 1308 2429; x_wconf 88' lang='lat' dir='ltr'><strong>et</strong></span> <span class='ocrx_word' id='word_1_247' title='bbox 1328 2383 1414 2440; x_wconf 85' lang='lat' dir='ltr'>illa,</span> 
     </span>
     <span class='ocr_line' id='line_1_32' title="bbox 141 2456 1406 2520; baseline 0.002 -19"><span class='ocrx_word' id='word_1_248' title='bbox 141 2471 252 2520; x_wconf 84' lang='lat' dir='ltr'><strong>quae</strong></span> <span class='ocrx_word' id='word_1_249' title='bbox 279 2471 502 2519; x_wconf 82' lang='lat' dir='ltr'><strong>nunquam</strong></span> <span class='ocrx_word' id='word_1_250' title='bbox 532 2456 767 2513; x_wconf 85' lang='lat' dir='ltr'><strong>timeretis,</strong></span> <span class='ocrx_word' id='word_1_251' title='bbox 791 2457 866 2504; x_wconf 77' lang='lat' dir='ltr'>nisi</span> <span class='ocrx_word' id='word_1_252' title='bbox 889 2456 1005 2503; x_wconf 85' lang='lat' dir='ltr'><strong>fama</strong></span> <span class='ocrx_word' id='word_1_253' title='bbox 1027 2456 1217 2505; x_wconf 84' lang='lat' dir='ltr'>iuffiffet.</span> <span class='ocrx_word' id='word_1_254' title='bbox 1256 2457 1406 2504; x_wconf 70' lang='lat' dir='ltr'><strong>Num-2</strong></span> 
     </span>
    </p>
   </div>
  </div>
 </body>
</html>
