1807 3004
324 191 410 222 110
548 177 595 222 L.
645 175 934 222 ANNAEI
983 177 1336 224 SENECAE

315 281 512 328 tenderet
531 298 542 326 ι
567 281 596 328 fi
612 282 656 327 in
677 282 911 328 Germania
926 317 939 339 ‚
957 284 1156 344 protinus
1175 302 1283 346 puer
1300 300 1495 331 tenerum
1513 286 1594 332 ha·

313 354 405 402 stile
432 356 622 403 vibraret
645 375 654 402 :
678 357 707 402 si
732 373 922 402 avorum
956 356 1206 404 nostrorum
1231 361 1503 420 temporibus
1523 360 1593 406 fu*

313 428 408 475 isset
422 462 435 483 ‚
457 430 675 491 equitare,
703 445 746 475 et
761 429 927 475 hostem
949 432 1149 477 cominus
1173 446 1395 493 percutere
1415 433 1591 479 didicis-

312 501 386 547 set.
421 502 542 547 Haec
577 501 752 563 singulis
782 501 1005 564 disciplina
1045 503 1182 564 gentis
1217 504 1315 549 iuae
1350 505 1525 562 suadet,
1553 517 1595 551 et

311 573 512 634 imperat.
536 573 659 632 Quid
677 589 714 618 e
705 590 783 636 rgo
803 573 905 619 huic
924 574 1223 620 meditandum
1251 576 1341 622 est
1332 576 1348 610 ἶ
1375 578 1497 639 quod
1517 578 1594 624 ad-

310 645 462 693 versus
478 645 603 691 omni
607 662 629 690 a
649 646 760 703 tela,
789 645 911 708 quod
933 646 1138 692 adversus
1157 663 1291 692 omne
1312 617 1499 694 hosiium
1522 666 1597 712 ge·

311 736 393 766 nus
410 719 521 765 bene
542 718 647 765 facit
665 754 676 775 ‚
698 735 889 766 mortem
917 730 1197 766 contemnere
1215 737 1225 765 ε
1256 736 1368 783 quae
1387 721 1493 784 quin
1514 722 1595 768 ha-

311 794 410 839 beat
447 791 493 837 in
530 791 572 838 se
607 791 771 854 aliquid
806 792 1030 849 terribile,
1067 802 1113 837 ut
1147 803 1190 837 et
1225 792 1396 838 animos
1426 791 1598 840 nostros

313 863 467 928 (quos
496 865 542 910 in
571 878 770 910 amorem
804 864 865 911 sui
898 876 1048 910 natura
1077 861 1328 925 formavit)
1366 862 1562 910 offendat
1580 898 1596 920 ‚

312 953 447 983 nemo
479 936 647 983 dubitat
674 956 683 980 :
720 951 800 982 nec
832 936 951 983 enim
980 952 1092 998 opus
1124 936 1229 982 esset
1257 936 1301 982 in
1333 935 1379 981 id
1409 952 1596 998 compa-

311 1012 398 1058 rari
428 1022 472 1058 et
491 1011 587 1058 acui
604 1045 618 1067 ,
648 1010 694 1056 in
720 1011 843 1074 quod
874 1009 1075 1058 instin&u
1110 1010 1305 1074 quodam
1341 1009 1597 1057 voluntario

311 1083 476 1130 iremus
491 1119 504 1142 ‚
521 1082 629 1130 sicut
649 1083 851 1130 feruntur
870 1099 1024 1130 omnes
1043 1083 1096 1128 ad
1115 1081 1495 1130 conservationem
1517 1082 1595 1130 sui.

310 1159 461 1204 Nemo
495 1156 650 1235 discit,
685 1169 768 1214 ut,
799 1156 829 1202 fi
864 1155 1030 1203 necesse
1068 1155 1232 1211 fuerit‚
1267 1171 1409 1219 aequo
1444 1155 1595 1202 animo

311 1229 358 1274 in
378 1226 512 1274 rosa
502 1227 797 1284 iaceat21ed
787 1245 832 1273 m
853 1228 940 1274 hoc
958 1228 1163 1281 duratur,
1187 1238 1235 1273 ut
1254 1226 1484 1273 tormentis
1504 1243 1596 1273 non

313 1298 536 1347 submittat
557 1299 724 1345 fidem:
741 1313 812 1356 ut,
832 1298 861 1344 fi
882 1298 1047 1345 necesse
1067 1298 1219 1357 fuerit,
1239 1298 1348 1345 stans
1367 1299 1498 1345 etiam
1519 1299 1598 1345 ali-

312 1372 492 1436 quando
519 1369 705 1428 saucius,
723 1386 807 1432 pro
829 1369 944 1415 vallo
970 1358 1230 1433 pervigilet,
1247 1382 1290 1417 et
1317 1386 1369 1416 ne
1388 1369 1480 1432 pilo
1499 1369 1599 1433 qui-

313 1447 416 1492 dem
443 1443 682 1491 incumbat.
712 1443 815 1506 quia
843 1442 952 1490 solet
976 1443 1192 1505 obrepere
1216 1443 1387 1489 interim
1419 1444 1597 1490 somnus

320 1516 369 1562 in
385 1515 566 1578 aliquod
590 1515 906 1563 adminiculum
934 1515 1162 1562 reclinatis.
1187 1517 1313 1562 Mors
1334 1517 1502 1563 nullum
1524 1519 1596 1564 ha-

315 1590 390 1636 bet
419 1589 772 1636 incommodum.
810 1589 906 1635 Effe
935 1588 1051 1635 enim
1083 1589 1213 1635 debet
1244 1588 1438 1652 aliquid,
1476 1590 1600 1638 cuius

313 1665 366 1711 fit
398 1663 753 1711 incommodum.
801 1664 940 1724 Quod
966 1664 996 1709 fi
1026 1676 1143 1710 tanta
1170 1665 1384 1727 cupiditas
1418 1665 1600 1728 longio-

315 1738 376 1784 ris
405 1737 502 1783 aevi
531 1749 571 1784 te
589 1749 728 1794 tenet,
759 1737 906 1801 cogita
937 1737 1044 1784 nihil
1076 1753 1230 1784 eorum
1264 1754 1375 1799 quae
1402 1739 1456 1783 ab
1483 1754 1598 1785 ocu-
1634 1735 1638 1739 ’

319 1809 370 1857 lis
397 1810 579 1865 abeunt,
602 1821 645 1854 et
666 1810 709 1855 in
728 1826 875 1856 rerum
894 1823 1086 1856 natura-m
1106 1842 1121 1865 ‚
1142 1825 1195 1855 ex
1216 1825 1300 1871 qua
1319 1809 1599 1871 prodierunt,

318 1898 371 1928 ac
393 1898 499 1928 mox
516 1881 767 1943 processura
784 1881 904 1938 sunt,
924 1882 1250 1938 reconduntur,
1271 1880 1481 1927 consumi.
1502 1882 1599 1928 De-

319 1951 463 2000 sinunt
488 1952 563 1998 ista
581 1988 595 2010 ,
619 1969 710 1999 non
734 1969 930 2015 pereunt.
964 1956 1017 2000 Et
1041 1970 1186 2008 mors,
1217 1969 1346 2016 quam
1373 1954 1601 2016 pertimes-

319 2026 460 2073 cimus
485 2043 534 2072 ac
559 2026 837 2084 recusamus,
866 2027 1115 2073 intermittit
1143 2027 1277 2075 vitam
1294 2058 1309 2083 9
1337 2043 1426 2073 non
1456 2026 1602 2089 eripit.

320 2099 469 2145 veniet
486 2099 641 2146 iterum
658 2133 672 2155 ‚
695 2099 773 2163 qui
793 2116 873 2146 nos
894 2100 939 2146 in
962 2100 1103 2148 lucem
1124 2116 1310 2164 reponat
1326 2102 1441 2159 dies,
1466 2117 1600 2163 quem

322 2171 450 2218 multi
478 2172 750 2230 recusarent,
775 2171 853 2219 nifi
873 2171 1038 2218 oblitos
1066 2173 1308 2219 reduceret.
1345 2173 1428 2219 Sed
1451 2171 1599 2235 postea

322 2242 567 2307 diligentius
588 2244 781 2301 docebo,
798 2242 949 2290 omnia
967 2260 1077 2305 quae
1101 2244 1307 2291 videntur
1325 2246 1484 2307 perire,
1502 2261 1600 2290 mu-

323 2314 419 2361 tari.
456 2317 618 2379 Aequo
647 2315 797 2362 animo
827 2315 956 2361 debet
987 2316 1200 2363 rediturus
1232 2317 1368 2364 exire.
1396 2316 1599 2364 Observa

324 2390 481 2435 orbem
522 2408 669 2437 rerum
706 2391 752 2436 in
785 2390 829 2437 se
862 2391 1149 2437 remeantium
1180 2409 1191 2436 z
1230 2391 1399 2438 videbis
1429 2389 1474 2436 in
1510 2390 1599 2436 hoc

324 2464 492 2513 mundo
519 2466 628 2514 nihil
659 2463 894 2530 exstingui,
931 2464 1005 2512 sed
1036 2461 1206 2515 vicibus
1230 2465 1488 2514 descendere
1505 2498 1520 2524 ,
1546 2477 1598 2510 ac
