1807 3004
569 193 1146 241 EPISTOLAE.
1399 212 1487 261 325

222 298 538 356 circumdedit3
568 299 612 345 in
645 317 748 363 quas
774 301 910 347 multa
943 300 1168 349 sudatione
1196 317 1383 365 corpora
1409 321 1491 351 ex-

223 375 383 422 inanita
414 375 711 431 demittimus;
748 375 824 421 nisi
852 393 1006 439 aquam
1034 392 1232 440 argentea
1262 377 1491 441 epistomia

219 449 431 495 fuderunt.
449 451 502 494 Et
518 448 660 494 adhuc
679 447 865 510 plebeias
883 447 1039 495 fistulas
1055 449 1216 512 loquor
1235 449 1365 512 :quid
1387 467 1490 496 cum

217 522 271 568 ad
288 522 437 568 balnea
455 522 755 568 libertinorum
784 521 1064 583 pervenero?
1091 538 1301 584 quantum
1330 521 1490 568 statua-

216 608 331 645 rum,
362 606 572 653 quantum
605 593 906 638 columnarum
933 591 993 637 est
1026 592 1130 637 nihil
1165 591 1490 650 sustinentium,

216 663 285 708 sed
317 663 361 708 in
399 678 706 709 ornamentum
754 662 987 724 positarum
1009 697 1021 719 ,
1067 661 1287 723 impensae
1323 663 1487 710 causa?

214 747 420 796 quantum
459 751 666 795 aquarum
699 752 776 797 per
812 735 969 798 gradus
995 752 1092 781 cum
1127 734 1302 796 fragore
1338 736 1495 787 laben-¹

212 808 348 853 tium?
369 811 431 853 Eo
447 807 695 853 deliciarum
713 806 1012 864 pervenimus,
1032 822 1078 852 ut
1096 806 1171 852 nisi
1189 824 1380 870 gemmas
1402 808 1486 854 cal-

212 897 308 926 care
340 881 541 926 nolimus.
559 882 605 925 In
628 881 712 926 hoc
731 880 888 926 balneo
913 879 1129 942 Scipionis
1147 880 1350 927 minimae
1369 880 1486 939 sunt,'

211 952 345 999 rimae
363 953 497 1015 magis
515 970 643 1016 quam
664 952 870 998 fenestrae
883 985 896 1007 ‚
923 968 1052 999 muro
1071 952 1246 1013 lapideo
1265 952 1484 1011 exsefiffle,

212 1036 256 1069 ut
292 1025 378 1071 fine
411 1024 565 1071 iniuria
602 1025 861 1070 munimenti
900 1024 1046 1070 lumen
1091 1024 1380 1070 admitterent.
1427 1028 1485 1071 At

209 1112 322 1142 nunc
357 1096 552 1142 blattaria
583 1109 749 1143 vocant
779 1097 927 1143 balnea
945 1131 958 1151 ,
992 1095 1022 1140 fi
1050 1113 1134 1158 qua
1162 1112 1251 1141 non
1282 1095 1338 1141 ita
1365 1110 1484 1157 apta-

207 1183 247 1213 ta
277 1169 394 1223 sunt,
423 1183 470 1215 ut
498 1169 632 1216 totius
656 1170 739 1215 diei
760 1169 889 1215 solem
912 1168 1106 1215 fenestris
1125 1169 1391 1230 amplissimis
1412 1186 1481 1216 re-

207 1241 390 1303 cipiant;
420 1242 496 1288 nisi
519 1254 561 1288 et
578 1242 780 1287 lavantur
804 1241 926 1286 fimul
954 1253 997 1287 et
1023 1242 1302 1296 colorantur-3
1329 1240 1404 1287 nifi
1425 1258 1481 1288 ex

208 1314 317 1360 solio
350 1332 476 1378 agros
500 1328 543 1361 et
575 1314 707 1359 maria
737 1314 1020 1376 prospiciunt.
1057 1315 1204 1375 Itaque
1233 1329 1343 1374 quae
1370 1330 1480 1359 con-

204 1386 375 1432 cursum
390 1423 402 1443 ‚
427 1401 469 1434 et
486 1385 820 1432 admirationem
841 1386 1080 1431 habuerant
1107 1401 1207 1431 cum
1228 1385 1480 1432 dedicaren-

204 1472 272 1505 tur
286 1494 298 1516 ,
324 1459 429 1507 haec
448 1459 493 1506 in
513 1459 796 1522 antiquorum
814 1475 1043 1505 numerum
1063 1458 1317 1505 reiiciuntur
1332 1494 1344 1516 ,
1374 1475 1478 1506 cum

201 1532 362 1596 aliquid
391 1533 502 1579 novi
521 1532 688 1579 luxuria
717 1543 967 1578 commenta
993 1530 1081 1588 est,
1109 1547 1201 1594 quo
1220 1531 1307 1594 ipsa
1330 1531 1372 1578 se
1391 1532 1478 1578 ob·

201 1620 356 1652 rueret.
377 1608 432 1651 At
447 1605 554 1652 olim
573 1621 615 1652 et
633 1621 773 1668 pauca
790 1617 910 1651 erant
930 1605 1080 1650 balnea
1096 1636 1109 1659 ,
1142 1621 1221 1650 nec
1242 1604 1335 1650 ullo
1356 1603 1476 1651 cultu

198 1690 420 1724 exornata.
449 1678 542 1724 Cur
569 1679 684 1725 enim
716 1691 946 1724 ornaretur
973 1693 1041 1724 res
1067 1677 1394 1740 quadrantaria,
1431 1691 1476 1724 et

197 1748 242 1794 in
265 1748 414 1806 usum,
448 1766 540 1796 non
571 1749 943 1796 oblefiamentum
963 1784 976 1806 ,
1006 1749 1209 1811 reperta?
1244 1750 1348 1796 Non
1382 1748 1475 1795 suf-

197 1818 462 1868 fundebatur
487 1837 619 1884 aqua,
656 1837 736 1867 nec
756 1836 905 1867 recens
929 1820 1098 1882 semper
1124 1820 1244 1867 velut
1260 1837 1313 1866 ex
1330 1820 1474 1867 calido

198 1893 324 1941 fonte
347 1895 548 1942 currebat
568 1912 577 1940 :
600 1911 681 1940 nec
705 1894 866 1941 referre
889 1894 1142 1951 credebant,
1161 1893 1206 1939 in
1223 1910 1351 1957 quam
1371 1912 1471 1957 per-

195 1965 337 2012 lucida
362 1966 507 2013 sordes
539 1967 820 2029 deponerent.
849 1968 960 2024 Sed,
992 1967 1052 2013 dii
1075 1967 1209 2024 boni,
1243 1984 1371 2030 quam
1399 1968 1470 2015 iu-

196 2039 327 2085 vabat
352 2040 420 2086 illa
444 2040 591 2086 balnea
614 2039 773 2087 intrare
794 2041 975 2087 obscura
995 2078 1006 2099 ,
1030 2053 1073 2088 et
1100 2042 1258 2104 gregali
1282 2042 1470 2088 teEtorio

196 2109 394 2169 indufta,
420 2128 528 2174 quae
555 2111 682 2159 scires
705 2114 922 2160 Catonem
948 2114 1028 2159 tibi
1053 2113 1232 2160 aedilem
1250 2148 1262 2170 ‚
1291 2127 1364 2159 aut
1388 2116 1469 2160 Fa·

194 2183 313 2230 bium
336 2186 579 2232 Maximum
597 2218 610 2241 ‚
637 2199 708 2233 aut
727 2205 779 2234 ex
800 2187 1014 2233 Corneliis
1033 2188 1222 2250 aliquem
1246 2203 1376 2233 manu
1394 2189 1468 2234 sua

191 2256 474 2318 temperasse?
496 2259 609 2304 Nam
626 2258 714 2305 hoc
734 2275 911 2322 quoque
926 2259 1177 2306 nobiliflimi
1194 2260 1349 2306 aediles
1365 2258 1467 2307 fun-

190 2328 403 2391 gebantur
420 2331 572 2378 officio
587 2364 601 2387 ‚
623 2332 809 2378 intrandi
834 2349 883 2378 ea
902 2332 997 2379 loca
1026 2349 1139 2396 quae
1168 2332 1378 2394 populum
1397 2348 1467 2379 re·

190 2404 446 2463 ceptabant,
476 2405 1051 2469 exigendiquebmunditias,
1080 2418 1122 2452 et
1150 2407 1298 2452 utilem
1334 2423 1382 2454 ac
1404 2406 1467 2458 sass-

190 2473 356 2522 lubrem
390 2491 759 2540 temperaturam:
794 2495 886 2526 non
921 2480 1031 2528 hanc
1050 2515 1065 2538 ,
1093 2495 1202 2540 quae
1229 2496 1366 2543 nuper
1397 2479 1463 2526 in-

1101 2544 1206 2606 X3
