<?xml version="1.0" encoding="UTF-8"?>
<!DOCTYPE html PUBLIC "-//W3C//DTD XHTML 1.0 Transitional//EN"
    "http://www.w3.org/TR/xhtml1/DTD/xhtml1-transitional.dtd">
<html xmlns="http://www.w3.org/1999/xhtml" xml:lang="en" lang="en">
 <head>
  <title>
</title>
<meta http-equiv="Content-Type" content="text/html;charset=utf-8" />
  <meta name='ocr-system' content='tesseract 3.04.00' />
  <meta name='ocr-capabilities' content='ocr_page ocr_carea ocr_par ocr_line ocrx_word'/>
</head>
<body>
  <div class='ocr_page' id='page_1' title='image "./lannaeisenecaeph03seneuoft_0292.png"; bbox 0 0 1797 2956; ppageno 0'>
   <div class='ocr_carea' id='block_1_1' title="bbox 336 179 1383 239">
    <p class='ocr_par' dir='ltr' id='par_1_1' title="bbox 336 179 1383 239">
     <span class='ocr_line' id='line_1_1' title="bbox 336 179 1383 239; baseline 0.005 -11"><span class='ocrx_word' id='word_1_1' title='bbox 336 179 432 239; x_wconf 81' lang='lat'>284</span> <span class='ocrx_word' id='word_1_2' title='bbox 597 183 645 228; x_wconf 83' lang='lat' dir='ltr'>L.</span> <span class='ocrx_word' id='word_1_3' title='bbox 690 183 977 232; x_wconf 84' lang='lat' dir='ltr'><strong>ANNAEI</strong></span> <span class='ocrx_word' id='word_1_4' title='bbox 1025 185 1383 233; x_wconf 81' lang='lat' dir='ltr'><strong>SENECAE</strong></span> 
     </span>
    </p>
   </div>
   <div class='ocr_carea' id='block_1_2' title="bbox 336 283 1633 2537">
    <p class='ocr_par' dir='ltr' id='par_1_2' title="bbox 336 283 1633 2537">
     <span class='ocr_line' id='line_1_2' title="bbox 336 283 1622 348; baseline 0.008 -19"><span class='ocrx_word' id='word_1_5' title='bbox 336 283 406 329; x_wconf 88' lang='lat' dir='ltr'>ci:</span> <span class='ocrx_word' id='word_1_6' title='bbox 442 296 630 346; x_wconf 82' lang='lat' dir='ltr'>quantus</span> <span class='ocrx_word' id='word_1_7' title='bbox 657 286 709 331; x_wconf 81' lang='lat' dir='ltr'>ad</span> <span class='ocrx_word' id='word_1_8' title='bbox 737 285 1027 348; x_wconf 60' lang='lat' dir='ltr'>spessaculum</span> <span class='ocrx_word' id='word_1_9' title='bbox 1060 306 1150 335; x_wconf 87' lang='lat' dir='ltr'>non</span> <span class='ocrx_word' id='word_1_10' title='bbox 1184 290 1312 337; x_wconf 86' lang='lat' dir='ltr'>fidele</span> <span class='ocrx_word' id='word_1_11' title='bbox 1340 306 1383 337; x_wconf 88' lang='lat' dir='ltr'>et</span> <span class='ocrx_word' id='word_1_12' title='bbox 1410 290 1622 339; x_wconf 84' lang='lat' dir='ltr'>lusorium</span> 
     </span>
     <span class='ocr_line' id='line_1_3' title="bbox 337 354 1620 420; baseline 0.005 -19"><span class='ocrx_word' id='word_1_13' title='bbox 337 354 413 402; x_wconf 85' lang='lat' dir='ltr'>fiat</span> <span class='ocrx_word' id='word_1_14' title='bbox 434 358 694 412; x_wconf 78' lang='lat' dir='ltr'>concursus,</span> <span class='ocrx_word' id='word_1_15' title='bbox 726 372 887 420; x_wconf 79' lang='lat' dir='ltr'>quanta</span> <span class='ocrx_word' id='word_1_16' title='bbox 914 358 964 404; x_wconf 88' lang='lat' dir='ltr'>fit</span> <span class='ocrx_word' id='word_1_17' title='bbox 985 359 1099 405; x_wconf 85' lang='lat' dir='ltr'>circa</span> <span class='ocrx_word' id='word_1_18' title='bbox 1119 376 1231 408; x_wconf 86' lang='lat' dir='ltr'>artes</span> <span class='ocrx_word' id='word_1_19' title='bbox 1249 362 1386 407; x_wconf 82' lang='lat' dir='ltr'>bonas</span> <span class='ocrx_word' id='word_1_20' title='bbox 1403 361 1620 412; x_wconf 83' lang='lat' dir='ltr'>solitudo:</span> 
     </span>
     <span class='ocr_line' id='line_1_4' title="bbox 337 432 1622 496; baseline 0.005 -22"><span class='ocrx_word' id='word_1_21' title='bbox 337 446 469 492; x_wconf 86' lang='lat' dir='ltr'>quam</span> <span class='ocrx_word' id='word_1_22' title='bbox 490 432 696 477; x_wconf 72' lang='lat' dir='ltr'>imbecilli</span> <span class='ocrx_word' id='word_1_23' title='bbox 724 433 875 478; x_wconf 82' lang='lat' dir='ltr'>animo</span> <span class='ocrx_word' id='word_1_24' title='bbox 896 433 976 479; x_wconf 83' lang='lat' dir='ltr'>sint</span> <span class='ocrx_word' id='word_1_25' title='bbox 992 466 1004 487; x_wconf 95' lang='lat'>‚</span> <span class='ocrx_word' id='word_1_26' title='bbox 1037 451 1226 496; x_wconf 87' lang='lat' dir='ltr'>quorum</span> <span class='ocrx_word' id='word_1_27' title='bbox 1259 436 1446 481; x_wconf 81' lang='lat' dir='ltr'>lacertos</span> <span class='ocrx_word' id='word_1_28' title='bbox 1465 436 1622 481; x_wconf 73' lang='lat' dir='ltr'>hume-</span> 
     </span>
     <span class='ocr_line' id='line_1_5' title="bbox 337 504 1624 566; baseline 0 -14"><span class='ocrx_word' id='word_1_29' title='bbox 337 504 497 566; x_wconf 78' lang='lat' dir='ltr'>rosque</span> <span class='ocrx_word' id='word_1_30' title='bbox 526 504 746 553; x_wconf 78' lang='lat' dir='ltr'>miramur.</span> <span class='ocrx_word' id='word_1_31' title='bbox 784 505 892 551; x_wconf 88' lang='lat' dir='ltr'>lllud</span> <span class='ocrx_word' id='word_1_32' title='bbox 925 507 1115 552; x_wconf 79' lang='lat' dir='ltr'>maxime</span> <span class='ocrx_word' id='word_1_33' title='bbox 1146 507 1340 553; x_wconf 85' lang='lat' dir='ltr'>revolvo</span> <span class='ocrx_word' id='word_1_34' title='bbox 1373 521 1561 553; x_wconf 86' lang='lat' dir='ltr'>mecum.</span> <span class='ocrx_word' id='word_1_35' title='bbox 1593 504 1624 552; x_wconf 80' lang='lat' dir='ltr'>fi</span> 
     </span>
     <span class='ocr_line' id='line_1_6' title="bbox 337 577 1624 642; baseline -0.001 -17"><span class='ocrx_word' id='word_1_36' title='bbox 337 594 503 640; x_wconf 86' lang='lat' dir='ltr'>corpus</span> <span class='ocrx_word' id='word_1_37' title='bbox 542 580 723 640; x_wconf 79' lang='lat' dir='ltr'>perduci</span> <span class='ocrx_word' id='word_1_38' title='bbox 764 581 1077 627; x_wconf 80' lang='lat' dir='ltr'>exercitatione</span> <span class='ocrx_word' id='word_1_39' title='bbox 1117 582 1171 627; x_wconf 84' lang='lat' dir='ltr'>ad</span> <span class='ocrx_word' id='word_1_40' title='bbox 1215 581 1328 627; x_wconf 78' lang='lat' dir='ltr'>hanc</span> <span class='ocrx_word' id='word_1_41' title='bbox 1371 577 1624 642; x_wconf 80' lang='lat' dir='ltr'>patientiam</span> 
     </span>
     <span class='ocr_line' id='line_1_7' title="bbox 337 650 1624 716; baseline 0.001 -20"><span class='ocrx_word' id='word_1_42' title='bbox 337 651 509 716; x_wconf 80' lang='lat' dir='ltr'>potest,</span> <span class='ocrx_word' id='word_1_43' title='bbox 541 669 627 713; x_wconf 79' lang='lat' dir='ltr'>qua</span> <span class='ocrx_word' id='word_1_44' title='bbox 662 666 704 700; x_wconf 85' lang='lat' dir='ltr'>et</span> <span class='ocrx_word' id='word_1_45' title='bbox 734 670 905 716; x_wconf 84' lang='lat' dir='ltr'>pugnos</span> <span class='ocrx_word' id='word_1_46' title='bbox 937 654 1097 716; x_wconf 85' lang='lat' dir='ltr'>pariter</span> <span class='ocrx_word' id='word_1_47' title='bbox 1125 665 1167 700; x_wconf 90' lang='lat' dir='ltr'>et</span> <span class='ocrx_word' id='word_1_48' title='bbox 1201 652 1338 700; x_wconf 79' lang='lat' dir='ltr'>calces</span> <span class='ocrx_word' id='word_1_49' title='bbox 1369 668 1460 697; x_wconf 90' lang='lat' dir='ltr'>non</span> <span class='ocrx_word' id='word_1_50' title='bbox 1493 650 1624 698; x_wconf 84' lang='lat' dir='ltr'>unius</span> 
     </span>
     <span class='ocr_line' id='line_1_8' title="bbox 337 725 1625 789; baseline -0.001 -18"><span class='ocrx_word' id='word_1_51' title='bbox 337 725 530 771; x_wconf 86' lang='lat' dir='ltr'>hominis</span> <span class='ocrx_word' id='word_1_52' title='bbox 557 725 666 772; x_wconf 69' lang='lat' dir='ltr'>terat</span> <span class='ocrx_word' id='word_1_53' title='bbox 686 759 699 781; x_wconf 90' lang='lat'>,</span> <span class='ocrx_word' id='word_1_54' title='bbox 735 745 821 789; x_wconf 83' lang='lat' dir='ltr'>qua</span> <span class='ocrx_word' id='word_1_55' title='bbox 851 727 984 773; x_wconf 89' lang='lat' dir='ltr'>solem</span> <span class='ocrx_word' id='word_1_56' title='bbox 1006 727 1345 773; x_wconf 83' lang='lat' dir='ltr'>ardentiffimurn</span> <span class='ocrx_word' id='word_1_57' title='bbox 1371 726 1415 771; x_wconf 88' lang='lat' dir='ltr'>in</span> <span class='ocrx_word' id='word_1_58' title='bbox 1449 725 1625 772; x_wconf 81' lang='lat' dir='ltr'>serven-</span> 
     </span>
     <span class='ocr_line' id='line_1_9' title="bbox 338 798 1626 864; baseline -0.001 -19"><span class='ocrx_word' id='word_1_59' title='bbox 338 798 502 845; x_wconf 83' lang='lat' dir='ltr'>tiffimo</span> <span class='ocrx_word' id='word_1_60' title='bbox 523 800 702 861; x_wconf 86' lang='lat' dir='ltr'>pulvere</span> <span class='ocrx_word' id='word_1_61' title='bbox 722 800 929 848; x_wconf 82' lang='lat' dir='ltr'>sustinens</span> <span class='ocrx_word' id='word_1_62' title='bbox 946 802 1101 864; x_wconf 87' lang='lat' dir='ltr'>aliquis</span> <span class='ocrx_word' id='word_1_63' title='bbox 1117 837 1129 859; x_wconf 92' lang='lat'>‚</span> <span class='ocrx_word' id='word_1_64' title='bbox 1155 814 1195 847; x_wconf 90' lang='lat' dir='ltr'>et</span> <span class='ocrx_word' id='word_1_65' title='bbox 1214 801 1418 864; x_wconf 81' lang='lat' dir='ltr'>sanguine</span> <span class='ocrx_word' id='word_1_66' title='bbox 1436 800 1512 846; x_wconf 90' lang='lat' dir='ltr'>suo</span> <span class='ocrx_word' id='word_1_67' title='bbox 1533 816 1626 844; x_wconf 82' lang='lat' dir='ltr'>ma-</span> 
     </span>
     <span class='ocr_line' id='line_1_10' title="bbox 339 870 1627 936; baseline 0.001 -21"><span class='ocrx_word' id='word_1_68' title='bbox 339 870 446 917; x_wconf 87' lang='lat' dir='ltr'>dens</span> <span class='ocrx_word' id='word_1_69' title='bbox 464 872 581 919; x_wconf 85' lang='lat' dir='ltr'>diem</span> <span class='ocrx_word' id='word_1_70' title='bbox 604 874 735 919; x_wconf 82' lang='lat' dir='ltr'>ducat</span> <span class='ocrx_word' id='word_1_71' title='bbox 756 891 766 919; x_wconf 91' lang='lat'>:</span> <span class='ocrx_word' id='word_1_72' title='bbox 784 887 949 936; x_wconf 84' lang='lat' dir='ltr'>quanto</span> <span class='ocrx_word' id='word_1_73' title='bbox 978 872 1148 920; x_wconf 72' lang='lat' dir='ltr'>facilius</span> <span class='ocrx_word' id='word_1_74' title='bbox 1169 874 1339 920; x_wconf 85' lang='lat' dir='ltr'>animus</span> <span class='ocrx_word' id='word_1_75' title='bbox 1357 872 1627 920; x_wconf 80' lang='lat' dir='ltr'>corrobora-</span> 
     </span>
     <span class='ocr_line' id='line_1_11' title="bbox 336 944 1628 1008; baseline 0.002 -20"><span class='ocrx_word' id='word_1_76' title='bbox 336 944 374 988; x_wconf 85' lang='lat' dir='ltr'>ri</span> <span class='ocrx_word' id='word_1_77' title='bbox 396 944 522 1004; x_wconf 84' lang='lat' dir='ltr'>poffit</span> <span class='ocrx_word' id='word_1_78' title='bbox 538 982 549 1002; x_wconf 85' lang='lat'>‚</span> <span class='ocrx_word' id='word_1_79' title='bbox 575 958 622 991; x_wconf 86' lang='lat' dir='ltr'>ut</span> <span class='ocrx_word' id='word_1_80' title='bbox 640 945 842 993; x_wconf 80' lang='lat' dir='ltr'>fortunae</span> <span class='ocrx_word' id='word_1_81' title='bbox 868 946 974 994; x_wconf 56' lang='lat' dir='ltr'>icius</span> <span class='ocrx_word' id='word_1_82' title='bbox 996 946 1186 993; x_wconf 59' lang='lat' dir='ltr'>inviihis</span> <span class='ocrx_word' id='word_1_83' title='bbox 1206 945 1420 1008; x_wconf 85' lang='lat' dir='ltr'>excipiat,</span> <span class='ocrx_word' id='word_1_84' title='bbox 1452 958 1498 990; x_wconf 88' lang='lat' dir='ltr'>ut</span> <span class='ocrx_word' id='word_1_85' title='bbox 1517 961 1628 1007; x_wconf 84' lang='lat' dir='ltr'>pro-</span> 
     </span>
     <span class='ocr_line' id='line_1_12' title="bbox 337 1015 1628 1083; baseline 0.003 -22"><span class='ocrx_word' id='word_1_86' title='bbox 337 1015 472 1064; x_wconf 62' lang='lat' dir='ltr'>ieRus</span> <span class='ocrx_word' id='word_1_87' title='bbox 488 1054 499 1072; x_wconf 83' lang='lat'><strong>‚</strong></span> <span class='ocrx_word' id='word_1_88' title='bbox 521 1033 568 1064; x_wconf 82' lang='lat' dir='ltr'>ut</span> <span class='ocrx_word' id='word_1_89' title='bbox 588 1020 871 1066; x_wconf 82' lang='lat' dir='ltr'>conculcatus</span> <span class='ocrx_word' id='word_1_90' title='bbox 890 1019 1120 1083; x_wconf 79' lang='lat' dir='ltr'>exsurgat?</span> <span class='ocrx_word' id='word_1_91' title='bbox 1144 1020 1324 1082; x_wconf 86' lang='lat' dir='ltr'>Corpus</span> <span class='ocrx_word' id='word_1_92' title='bbox 1342 1019 1459 1065; x_wconf 89' lang='lat' dir='ltr'>enim</span> <span class='ocrx_word' id='word_1_93' title='bbox 1482 1018 1628 1065; x_wconf 83' lang='lat' dir='ltr'>multis</span> 
     </span>
     <span class='ocr_line' id='line_1_13' title="bbox 337 1089 1628 1151; baseline 0.001 -18"><span class='ocrx_word' id='word_1_94' title='bbox 337 1101 436 1150; x_wconf 84' lang='lat' dir='ltr'>eget</span> <span class='ocrx_word' id='word_1_95' title='bbox 456 1090 616 1147; x_wconf 66' lang='lat' dir='ltr'>rebus,</span> <span class='ocrx_word' id='word_1_96' title='bbox 648 1106 693 1136; x_wconf 90' lang='lat' dir='ltr'>ut</span> <span class='ocrx_word' id='word_1_97' title='bbox 729 1092 893 1136; x_wconf 68' lang='lat' dir='ltr'>valeat:</span> <span class='ocrx_word' id='word_1_98' title='bbox 921 1092 1090 1137; x_wconf 76' lang='lat' dir='ltr'>animus</span> <span class='ocrx_word' id='word_1_99' title='bbox 1116 1107 1169 1136; x_wconf 83' lang='lat' dir='ltr'>ex</span> <span class='ocrx_word' id='word_1_100' title='bbox 1195 1091 1235 1136; x_wconf 88' lang='lat' dir='ltr'>se</span> <span class='ocrx_word' id='word_1_101' title='bbox 1256 1090 1434 1145; x_wconf 84' lang='lat' dir='ltr'>crescit,</span> <span class='ocrx_word' id='word_1_102' title='bbox 1465 1091 1506 1136; x_wconf 63' lang='lat' dir='ltr'>se</span> <span class='ocrx_word' id='word_1_103' title='bbox 1538 1089 1628 1151; x_wconf 48' lang='lat' dir='ltr'>ipre</span> 
     </span>
     <span class='ocr_line' id='line_1_14' title="bbox 340 1161 1629 1224; baseline 0.002 -20"><span class='ocrx_word' id='word_1_104' title='bbox 340 1161 443 1218; x_wconf 85' lang='lat' dir='ltr'>alit,</span> <span class='ocrx_word' id='word_1_105' title='bbox 465 1161 505 1207; x_wconf 83' lang='lat' dir='ltr'>se</span> <span class='ocrx_word' id='word_1_106' title='bbox 525 1175 709 1208; x_wconf 80' lang='lat' dir='ltr'>exercet.</span> <span class='ocrx_word' id='word_1_107' title='bbox 740 1163 798 1207; x_wconf 92' lang='lat' dir='ltr'>llli</span> <span class='ocrx_word' id='word_1_108' title='bbox 832 1164 970 1207; x_wconf 88' lang='lat' dir='ltr'>multo</span> <span class='ocrx_word' id='word_1_109' title='bbox 988 1163 1092 1209; x_wconf 87' lang='lat' dir='ltr'>cibo</span> <span class='ocrx_word' id='word_1_110' title='bbox 1107 1199 1120 1219; x_wconf 84' lang='lat'>,</span> <span class='ocrx_word' id='word_1_111' title='bbox 1143 1163 1273 1208; x_wconf 84' lang='lat' dir='ltr'>multa</span> <span class='ocrx_word' id='word_1_112' title='bbox 1298 1162 1484 1224; x_wconf 83' lang='lat' dir='ltr'>potione</span> <span class='ocrx_word' id='word_1_113' title='bbox 1513 1177 1629 1222; x_wconf 78' lang='lat' dir='ltr'>opus</span> 
     </span>
     <span class='ocr_line' id='line_1_15' title="bbox 341 1231 1632 1297; baseline 0 -19"><span class='ocrx_word' id='word_1_114' title='bbox 341 1231 425 1288; x_wconf 81' lang='lat' dir='ltr'>est,</span> <span class='ocrx_word' id='word_1_115' title='bbox 447 1234 591 1279; x_wconf 80' lang='lat' dir='ltr'>multo</span> <span class='ocrx_word' id='word_1_116' title='bbox 613 1236 741 1290; x_wconf 86' lang='lat' dir='ltr'>oleo,</span> <span class='ocrx_word' id='word_1_117' title='bbox 761 1235 893 1297; x_wconf 85' lang='lat' dir='ltr'>longa</span> <span class='ocrx_word' id='word_1_118' title='bbox 916 1236 1105 1296; x_wconf 86' lang='lat' dir='ltr'>denique</span> <span class='ocrx_word' id='word_1_119' title='bbox 1122 1250 1283 1295; x_wconf 86' lang='lat' dir='ltr'>opera:</span> <span class='ocrx_word' id='word_1_120' title='bbox 1303 1233 1382 1278; x_wconf 85' lang='lat' dir='ltr'>tibi</span> <span class='ocrx_word' id='word_1_121' title='bbox 1403 1233 1632 1295; x_wconf 83' lang='lat' dir='ltr'>continget</span> 
     </span>
     <span class='ocr_line' id='line_1_16' title="bbox 340 1303 1630 1368; baseline 0.001 -19"><span class='ocrx_word' id='word_1_122' title='bbox 340 1304 480 1350; x_wconf 81' lang='lat' dir='ltr'>virtus</span> <span class='ocrx_word' id='word_1_123' title='bbox 509 1305 595 1351; x_wconf 79' lang='lat' dir='ltr'>{ine</span> <span class='ocrx_word' id='word_1_124' title='bbox 615 1322 846 1368; x_wconf 71' lang='lat' dir='ltr'>apparatu,</span> <span class='ocrx_word' id='word_1_125' title='bbox 874 1306 960 1353; x_wconf 86' lang='lat' dir='ltr'>fine</span> <span class='ocrx_word' id='word_1_126' title='bbox 981 1306 1190 1367; x_wconf 81' lang='lat' dir='ltr'>impensa.</span> <span class='ocrx_word' id='word_1_127' title='bbox 1220 1304 1454 1366; x_wconf 64' lang='lat' dir='ltr'>Quidquid</span> <span class='ocrx_word' id='word_1_128' title='bbox 1482 1303 1630 1350; x_wconf 85' lang='lat' dir='ltr'>facere</span> 
     </span>
     <span class='ocr_line' id='line_1_17' title="bbox 339 1373 1633 1438; baseline 0 -17"><span class='ocrx_word' id='word_1_129' title='bbox 339 1387 383 1421; x_wconf 83' lang='lat' dir='ltr'>te</span> <span class='ocrx_word' id='word_1_130' title='bbox 404 1376 546 1438; x_wconf 75' lang='lat' dir='ltr'>potest</span> <span class='ocrx_word' id='word_1_131' title='bbox 563 1378 731 1423; x_wconf 82' lang='lat' dir='ltr'>bouum</span> <span class='ocrx_word' id='word_1_132' title='bbox 749 1415 762 1434; x_wconf 88' lang='lat'>‚</span> <span class='ocrx_word' id='word_1_133' title='bbox 790 1393 937 1424; x_wconf 86' lang='lat' dir='ltr'>tecum</span> <span class='ocrx_word' id='word_1_134' title='bbox 957 1376 1031 1424; x_wconf 86' lang='lat' dir='ltr'>est.</span> <span class='ocrx_word' id='word_1_135' title='bbox 1055 1375 1181 1435; x_wconf 82' lang='lat' dir='ltr'>Quid</span> <span class='ocrx_word' id='word_1_136' title='bbox 1199 1374 1277 1421; x_wconf 88' lang='lat' dir='ltr'>tibi</span> <span class='ocrx_word' id='word_1_137' title='bbox 1300 1391 1414 1437; x_wconf 91' lang='lat' dir='ltr'>opus</span> <span class='ocrx_word' id='word_1_138' title='bbox 1431 1373 1491 1420; x_wconf 86' lang='lat' dir='ltr'>est</span> <span class='ocrx_word' id='word_1_139' title='bbox 1505 1384 1557 1420; x_wconf 86' lang='lat' dir='ltr'>&#39;ut</span> <span class='ocrx_word' id='word_1_140' title='bbox 1579 1374 1633 1421; x_wconf 78' lang='lat' dir='ltr'>fis</span> 
     </span>
     <span class='ocr_line' id='line_1_18' title="bbox 342 1449 1630 1514; baseline 0 -20"><span class='ocrx_word' id='word_1_141' title='bbox 342 1449 518 1500; x_wconf 78' lang='lat' dir='ltr'>bonus?</span> <span class='ocrx_word' id='word_1_142' title='bbox 543 1452 666 1497; x_wconf 86' lang='lat' dir='ltr'>velle.</span> <span class='ocrx_word' id='word_1_143' title='bbox 695 1453 817 1511; x_wconf 80' lang='lat' dir='ltr'>Quid</span> <span class='ocrx_word' id='word_1_144' title='bbox 838 1465 980 1497; x_wconf 79' lang='lat' dir='ltr'>autem</span> <span class='ocrx_word' id='word_1_145' title='bbox 1007 1449 1160 1498; x_wconf 89' lang='lat' dir='ltr'>melius</span> <span class='ocrx_word' id='word_1_146' title='bbox 1184 1463 1311 1512; x_wconf 86' lang='lat' dir='ltr'>potes</span> <span class='ocrx_word' id='word_1_147' title='bbox 1330 1450 1443 1495; x_wconf 89' lang='lat' dir='ltr'>velle</span> <span class='ocrx_word' id='word_1_148' title='bbox 1460 1481 1473 1505; x_wconf 95' lang='lat'>,</span> <span class='ocrx_word' id='word_1_149' title='bbox 1498 1466 1630 1514; x_wconf 80' lang='lat' dir='ltr'>quant</span> 
     </span>
     <span class='ocr_line' id='line_1_19' title="bbox 340 1523 1628 1587; baseline 0.003 -19"><span class='ocrx_word' id='word_1_150' title='bbox 340 1523 511 1586; x_wconf 76' lang='lat' dir='ltr'>eripere</span> <span class='ocrx_word' id='word_1_151' title='bbox 534 1539 575 1572; x_wconf 80' lang='lat' dir='ltr'>te</span> <span class='ocrx_word' id='word_1_152' title='bbox 593 1525 694 1572; x_wconf 85' lang='lat' dir='ltr'>huic</span> <span class='ocrx_word' id='word_1_153' title='bbox 718 1526 939 1580; x_wconf 72' lang='lat' dir='ltr'>servituti,</span> <span class='ocrx_word' id='word_1_154' title='bbox 969 1541 1082 1587; x_wconf 85' lang='lat' dir='ltr'>quae</span> <span class='ocrx_word' id='word_1_155' title='bbox 1099 1540 1256 1570; x_wconf 86' lang='lat' dir='ltr'>omnes</span> <span class='ocrx_word' id='word_1_156' title='bbox 1276 1523 1461 1585; x_wconf 75' lang='lat' dir='ltr'>premit,</span> <span class='ocrx_word' id='word_1_157' title='bbox 1496 1540 1628 1586; x_wconf 84' lang='lat' dir='ltr'>quam</span> 
     </span>
     <span class='ocr_line' id='line_1_20' title="bbox 341 1596 1632 1662; baseline 0 -20"><span class='ocrx_word' id='word_1_158' title='bbox 341 1597 561 1660; x_wconf 79' lang='lat' dir='ltr'>mancipia</span> <span class='ocrx_word' id='word_1_159' title='bbox 581 1616 763 1662; x_wconf 83' lang='lat' dir='ltr'>quoque</span> <span class='ocrx_word' id='word_1_160' title='bbox 784 1597 1054 1645; x_wconf 80' lang='lat' dir='ltr'>conditionis</span> <span class='ocrx_word' id='word_1_161' title='bbox 1071 1612 1291 1646; x_wconf 81' lang='lat' dir='ltr'>extremae</span> <span class='ocrx_word' id='word_1_162' title='bbox 1303 1631 1319 1650; x_wconf 7' lang='lat' dir='ltr'>‚b</span> <span class='ocrx_word' id='word_1_163' title='bbox 1336 1608 1377 1642; x_wconf 87' lang='lat' dir='ltr'>et</span> <span class='ocrx_word' id='word_1_164' title='bbox 1393 1596 1436 1642; x_wconf 91' lang='lat' dir='ltr'>in</span> <span class='ocrx_word' id='word_1_165' title='bbox 1455 1596 1519 1643; x_wconf 78' lang='lat' dir='ltr'>his</span> <span class='ocrx_word' id='word_1_166' title='bbox 1538 1596 1632 1642; x_wconf 82' lang='lat' dir='ltr'>sor-</span> 
     </span>
     <span class='ocr_line' id='line_1_21' title="bbox 343 1669 1628 1729; baseline 0.001 -14"><span class='ocrx_word' id='word_1_167' title='bbox 343 1670 470 1720; x_wconf 75' lang='lat' dir='ltr'>dibus</span> <span class='ocrx_word' id='word_1_168' title='bbox 497 1684 615 1729; x_wconf 82' lang='lat' dir='ltr'>nata,</span> <span class='ocrx_word' id='word_1_169' title='bbox 634 1673 758 1718; x_wconf 84' lang='lat' dir='ltr'>omni</span> <span class='ocrx_word' id='word_1_170' title='bbox 781 1672 921 1717; x_wconf 81' lang='lat' dir='ltr'>modo</span> <span class='ocrx_word' id='word_1_171' title='bbox 940 1688 1102 1718; x_wconf 74' lang='lat' dir='ltr'>exuere</span> <span class='ocrx_word' id='word_1_172' title='bbox 1126 1670 1375 1717; x_wconf 79' lang='lat' dir='ltr'>conantur?</span> <span class='ocrx_word' id='word_1_173' title='bbox 1407 1669 1628 1716; x_wconf 81' lang='lat' dir='ltr'>Peculium</span> 
     </span>
     <span class='ocr_line' id='line_1_22' title="bbox 342 1740 1632 1807; baseline -0.004 -17"><span class='ocrx_word' id='word_1_174' title='bbox 342 1743 495 1801; x_wconf 79' lang='lat' dir='ltr'>suuni,</span> <span class='ocrx_word' id='word_1_175' title='bbox 530 1745 651 1807; x_wconf 88' lang='lat' dir='ltr'>quod</span> <span class='ocrx_word' id='word_1_176' title='bbox 687 1754 1061 1806; x_wconf 84' lang='lat' dir='ltr'>comparaverunt</span> <span class='ocrx_word' id='word_1_177' title='bbox 1096 1754 1249 1788; x_wconf 86' lang='lat' dir='ltr'>ventre</span> <span class='ocrx_word' id='word_1_178' title='bbox 1282 1740 1512 1798; x_wconf 83' lang='lat' dir='ltr'>fraudato,</span> <span class='ocrx_word' id='word_1_179' title='bbox 1548 1756 1632 1802; x_wconf 88' lang='lat' dir='ltr'>pro</span> 
     </span>
     <span class='ocr_line' id='line_1_23' title="bbox 343 1814 1630 1878; baseline -0.004 -14"><span class='ocrx_word' id='word_1_180' title='bbox 343 1816 484 1878; x_wconf 76' lang='lat' dir='ltr'>capite</span> <span class='ocrx_word' id='word_1_181' title='bbox 513 1832 743 1863; x_wconf 82' lang='lat' dir='ltr'>numerant</span> <span class='ocrx_word' id='word_1_182' title='bbox 769 1835 778 1862; x_wconf 91' lang='lat'><strong>:</strong></span> <span class='ocrx_word' id='word_1_183' title='bbox 805 1829 849 1862; x_wconf 88' lang='lat' dir='ltr'>tu</span> <span class='ocrx_word' id='word_1_184' title='bbox 879 1833 968 1864; x_wconf 89' lang='lat' dir='ltr'>non</span> <span class='ocrx_word' id='word_1_185' title='bbox 993 1815 1275 1877; x_wconf 83' lang='lat' dir='ltr'>concupisces</span> <span class='ocrx_word' id='word_1_186' title='bbox 1301 1814 1630 1877; x_wconf 78' lang='lat' dir='ltr'>quanticunque</span> 
     </span>
     <span class='ocr_line' id='line_1_24' title="bbox 344 1887 1631 1952; baseline 0.001 -18"><span class='ocrx_word' id='word_1_187' title='bbox 344 1889 398 1934; x_wconf 86' lang='lat' dir='ltr'>ad</span> <span class='ocrx_word' id='word_1_188' title='bbox 423 1889 664 1936; x_wconf 80' lang='lat' dir='ltr'>libertatem</span> <span class='ocrx_word' id='word_1_189' title='bbox 693 1889 923 1952; x_wconf 81' lang='lat' dir='ltr'>pervenire</span> <span class='ocrx_word' id='word_1_190' title='bbox 941 1925 952 1945; x_wconf 93' lang='lat'>,</span> <span class='ocrx_word' id='word_1_191' title='bbox 973 1888 1049 1950; x_wconf 89' lang='lat' dir='ltr'>qui</span> <span class='ocrx_word' id='word_1_192' title='bbox 1078 1900 1118 1935; x_wconf 86' lang='lat' dir='ltr'>te</span> <span class='ocrx_word' id='word_1_193' title='bbox 1141 1901 1264 1951; x_wconf 85' lang='lat' dir='ltr'>putas</span> <span class='ocrx_word' id='word_1_194' title='bbox 1282 1889 1328 1933; x_wconf 89' lang='lat' dir='ltr'>in</span> <span class='ocrx_word' id='word_1_195' title='bbox 1351 1888 1421 1934; x_wconf 88' lang='lat' dir='ltr'>illa</span> <span class='ocrx_word' id='word_1_196' title='bbox 1448 1887 1631 1936; x_wconf 77' lang='lat' dir='ltr'>natum?</span> 
     </span>
     <span class='ocr_line' id='line_1_25' title="bbox 344 1959 1632 2024; baseline -0.002 -15"><span class='ocrx_word' id='word_1_197' title='bbox 344 1964 467 2024; x_wconf 83' lang='lat' dir='ltr'>Quid</span> <span class='ocrx_word' id='word_1_198' title='bbox 487 1964 542 2010; x_wconf 79' lang='lat' dir='ltr'>ad</span> <span class='ocrx_word' id='word_1_199' title='bbox 571 1980 714 2010; x_wconf 83' lang='lat' dir='ltr'>arcam</span> <span class='ocrx_word' id='word_1_200' title='bbox 739 1976 859 2010; x_wconf 83' lang='lat' dir='ltr'>tuam</span> <span class='ocrx_word' id='word_1_201' title='bbox 887 1960 1096 2023; x_wconf 77' lang='lat' dir='ltr'>respicis?</span> <span class='ocrx_word' id='word_1_202' title='bbox 1127 1960 1214 2010; x_wconf 78' lang='lat' dir='ltr'>emi</span> <span class='ocrx_word' id='word_1_203' title='bbox 1241 1977 1336 2007; x_wconf 72' lang='lat' dir='ltr'>nom</span> <span class='ocrx_word' id='word_1_204' title='bbox 1363 1959 1517 2023; x_wconf 83' lang='lat' dir='ltr'>potest.</span> <span class='ocrx_word' id='word_1_205' title='bbox 1548 1962 1632 2006; x_wconf 85' lang='lat' dir='ltr'>lta-</span> 
     </span>
     <span class='ocr_line' id='line_1_26' title="bbox 344 2033 1632 2100; baseline -0.002 -17"><span class='ocrx_word' id='word_1_206' title='bbox 344 2038 497 2100; x_wconf 89' lang='lat' dir='ltr'>quein</span> <span class='ocrx_word' id='word_1_207' title='bbox 528 2037 705 2087; x_wconf 80' lang='lat' dir='ltr'>tabellas</span> <span class='ocrx_word' id='word_1_208' title='bbox 737 2051 901 2083; x_wconf 77' lang='lat' dir='ltr'>vanum</span> <span class='ocrx_word' id='word_1_209' title='bbox 932 2033 1167 2081; x_wconf 81' lang='lat' dir='ltr'>coniicitur</span> <span class='ocrx_word' id='word_1_210' title='bbox 1200 2049 1365 2080; x_wconf 87' lang='lat' dir='ltr'>nomen</span> <span class='ocrx_word' id='word_1_211' title='bbox 1393 2033 1632 2084; x_wconf 85' lang='lat' dir='ltr'>libertatis:</span> 
     </span>
     <span class='ocr_line' id='line_1_27' title="bbox 344 2103 1632 2174; baseline -0.005 -17"><span class='ocrx_word' id='word_1_212' title='bbox 344 2127 480 2174; x_wconf 88' lang='lat' dir='ltr'>quam</span> <span class='ocrx_word' id='word_1_213' title='bbox 513 2127 592 2157; x_wconf 89' lang='lat' dir='ltr'>nec</span> <span class='ocrx_word' id='word_1_214' title='bbox 621 2109 698 2171; x_wconf 83' lang='lat' dir='ltr'>qui</span> <span class='ocrx_word' id='word_1_215' title='bbox 733 2119 934 2155; x_wconf 83' lang='lat' dir='ltr'>emerunt</span> <span class='ocrx_word' id='word_1_216' title='bbox 967 2106 1158 2163; x_wconf 84' lang='lat' dir='ltr'>habent,</span> <span class='ocrx_word' id='word_1_217' title='bbox 1191 2122 1272 2153; x_wconf 86' lang='lat' dir='ltr'>nec</span> <span class='ocrx_word' id='word_1_218' title='bbox 1305 2103 1384 2168; x_wconf 77' lang='lat' dir='ltr'>qui</span> <span class='ocrx_word' id='word_1_219' title='bbox 1416 2103 1632 2152; x_wconf 71' lang='lat' dir='ltr'>vendide-</span> 
     </span>
     <span class='ocr_line' id='line_1_28' title="bbox 346 2175 1630 2243; baseline -0.006 -13"><span class='ocrx_word' id='word_1_220' title='bbox 346 2198 461 2230; x_wconf 84' lang='lat' dir='ltr'>runt.</span> <span class='ocrx_word' id='word_1_221' title='bbox 492 2182 595 2229; x_wconf 85' lang='lat' dir='ltr'>Tibi</span> <span class='ocrx_word' id='word_1_222' title='bbox 615 2183 690 2230; x_wconf 85' lang='lat' dir='ltr'>des</span> <span class='ocrx_word' id='word_1_223' title='bbox 714 2193 893 2243; x_wconf 87' lang='lat' dir='ltr'>oportet</span> <span class='ocrx_word' id='word_1_224' title='bbox 915 2179 1029 2226; x_wconf 81' lang='lat' dir='ltr'>istud</span> <span class='ocrx_word' id='word_1_225' title='bbox 1055 2179 1229 2226; x_wconf 86' lang='lat' dir='ltr'>bonum</span> <span class='ocrx_word' id='word_1_226' title='bbox 1245 2213 1258 2235; x_wconf 92' lang='lat'><strong>‚</strong></span> <span class='ocrx_word' id='word_1_227' title='bbox 1284 2194 1308 2224; x_wconf 91' lang='lat' dir='ltr'>a</span> <span class='ocrx_word' id='word_1_228' title='bbox 1334 2191 1377 2225; x_wconf 84' lang='lat' dir='ltr'>te</span> <span class='ocrx_word' id='word_1_229' title='bbox 1399 2189 1532 2240; x_wconf 86' lang='lat' dir='ltr'>petas.</span> <span class='ocrx_word' id='word_1_230' title='bbox 1555 2175 1630 2223; x_wconf 78' lang='lat' dir='ltr'>Li-</span> 
     </span>
     <span class='ocr_line' id='line_1_29' title="bbox 348 2250 1633 2320; baseline -0.006 -16"><span class='ocrx_word' id='word_1_231' title='bbox 348 2258 453 2304; x_wconf 80' lang='lat' dir='ltr'>bera</span> <span class='ocrx_word' id='word_1_232' title='bbox 478 2272 522 2304; x_wconf 88' lang='lat' dir='ltr'>te</span> <span class='ocrx_word' id='word_1_233' title='bbox 545 2257 738 2320; x_wconf 78' lang='lat' dir='ltr'>primum</span> <span class='ocrx_word' id='word_1_234' title='bbox 762 2267 880 2302; x_wconf 82' lang='lat' dir='ltr'>metu</span> <span class='ocrx_word' id='word_1_235' title='bbox 905 2253 1058 2301; x_wconf 83' lang='lat' dir='ltr'>mortis</span> <span class='ocrx_word' id='word_1_236' title='bbox 1078 2270 1088 2299; x_wconf 91' lang='lat'><strong>:</strong></span> <span class='ocrx_word' id='word_1_237' title='bbox 1110 2253 1179 2298; x_wconf 84' lang='lat' dir='ltr'>illa</span> <span class='ocrx_word' id='word_1_238' title='bbox 1207 2252 1335 2301; x_wconf 81' lang='lat' dir='ltr'>nobis</span> <span class='ocrx_word' id='word_1_239' title='bbox 1359 2250 1549 2314; x_wconf 86' lang='lat' dir='ltr'>primum</span> <span class='ocrx_word' id='word_1_240' title='bbox 1571 2251 1633 2296; x_wconf 83' lang='lat' dir='ltr'>iu-</span> 
     </span>
     <span class='ocr_line' id='line_1_30' title="bbox 346 2322 1630 2393; baseline -0.005 -17"><span class='ocrx_word' id='word_1_241' title='bbox 346 2346 450 2393; x_wconf 81' lang='lat' dir='ltr'>gum</span> <span class='ocrx_word' id='word_1_242' title='bbox 482 2329 707 2392; x_wconf 88' lang='lat' dir='ltr'>imponit:</span> <span class='ocrx_word' id='word_1_243' title='bbox 734 2327 889 2374; x_wconf 83' lang='lat' dir='ltr'>deinde</span> <span class='ocrx_word' id='word_1_244' title='bbox 920 2337 1040 2371; x_wconf 88' lang='lat' dir='ltr'>metu</span> <span class='ocrx_word' id='word_1_245' title='bbox 1070 2324 1347 2387; x_wconf 82' lang='lat' dir='ltr'>paupertatis.</span> <span class='ocrx_word' id='word_1_246' title='bbox 1376 2323 1420 2369; x_wconf 91' lang='lat' dir='ltr'>Si</span> <span class='ocrx_word' id='word_1_247' title='bbox 1445 2323 1516 2370; x_wconf 85' lang='lat' dir='ltr'>vis</span> <span class='ocrx_word' id='word_1_248' title='bbox 1548 2322 1630 2369; x_wconf 78' lang='lat' dir='ltr'>sci-</span> 
     </span>
     <span class='ocr_line' id='line_1_31' title="bbox 349 2394 1630 2463; baseline -0.009 -16"><span class='ocrx_word' id='word_1_249' title='bbox 349 2417 398 2447; x_wconf 83' lang='lat' dir='ltr'>re</span> <span class='ocrx_word' id='word_1_250' title='bbox 422 2417 552 2463; x_wconf 83' lang='lat' dir='ltr'>quam</span> <span class='ocrx_word' id='word_1_251' title='bbox 581 2400 689 2446; x_wconf 86' lang='lat' dir='ltr'>nihil</span> <span class='ocrx_word' id='word_1_252' title='bbox 715 2399 759 2445; x_wconf 85' lang='lat' dir='ltr'>in</span> <span class='ocrx_word' id='word_1_253' title='bbox 785 2399 856 2445; x_wconf 86' lang='lat' dir='ltr'>illa</span> <span class='ocrx_word' id='word_1_254' title='bbox 877 2397 977 2443; x_wconf 68' lang='lat' dir='ltr'>mali</span> <span class='ocrx_word' id='word_1_255' title='bbox 1003 2395 1078 2453; x_wconf 83' lang='lat' dir='ltr'>fit,</span> <span class='ocrx_word' id='word_1_256' title='bbox 1097 2411 1305 2457; x_wconf 78' lang='lat' dir='ltr'>compara</span> <span class='ocrx_word' id='word_1_257' title='bbox 1324 2396 1435 2442; x_wconf 86' lang='lat' dir='ltr'>inter</span> <span class='ocrx_word' id='word_1_258' title='bbox 1454 2394 1496 2441; x_wconf 85' lang='lat' dir='ltr'>se</span> <span class='ocrx_word' id='word_1_259' title='bbox 1527 2410 1630 2454; x_wconf 75' lang='lat' dir='ltr'>pau-</span> 
     </span>
     <span class='ocr_line' id='line_1_32' title="bbox 347 2464 1630 2537; baseline -0.012 -12"><span class='ocrx_word' id='word_1_260' title='bbox 347 2489 502 2537; x_wconf 72' lang='lat' dir='ltr'>perum</span> <span class='ocrx_word' id='word_1_261' title='bbox 532 2486 573 2520; x_wconf 84' lang='lat' dir='ltr'>et</span> <span class='ocrx_word' id='word_1_262' title='bbox 599 2471 793 2522; x_wconf 79' lang='lat' dir='ltr'>divitum</span> <span class='ocrx_word' id='word_1_263' title='bbox 817 2470 977 2519; x_wconf 56' lang='lat' dir='ltr'>vultu&amp;¹</span> <span class='ocrx_word' id='word_1_264' title='bbox 1005 2468 1181 2532; x_wconf 72' lang='lat' dir='ltr'>Saepius</span> <span class='ocrx_word' id='word_1_265' title='bbox 1207 2484 1372 2533; x_wconf 63' lang='lat' dir='ltr'>pauper</span> <span class='ocrx_word' id='word_1_266' title='bbox 1394 2479 1437 2517; x_wconf 81' lang='lat' dir='ltr'>et</span> <span class='ocrx_word' id='word_1_267' title='bbox 1465 2464 1630 2516; x_wconf 74' lang='lat' dir='ltr'>fidelius</span> 
     </span>
    </p>
   </div>
  </div>
 </body>
</html>
