1797 2956
279 204 375 256 '2292
507 195 558 241 L.
610 195 917 240 ANNAEI
967 194 1331 241 SENECAE

280 301 487 364 Torquet
516 301 706 364 ingratus
736 299 798 358 se,
830 316 874 348 et
905 314 1093 348 macerat
1120 319 1131 347 ε
1159 302 1255 348 odit
1289 319 1398 365 quae
1426 320 1554 351 acce=

279 377 373 438 pit,
405 375 504 438 quia
535 374 780 420 redditurus
807 374 867 421 est
887 410 899 432 ,
928 388 970 421 et
999 388 1199 422 extenuat
1228 395 1237 422 ε
1268 377 1443 424 iniurias
1470 396 1552 424 ve-

279 464 334 494 ro
366 448 511 493 dilatat
542 459 672 511 atque
705 459 846 510 auget.
893 447 1019 508 Quid
1056 460 1198 494 autem
1235 465 1292 495 eo
1325 449 1518 495 miserius
1538 485 1553 508 ‚

279 519 352 566 cui
377 517 588 564 beneficia
615 517 846 576 excidunt,
872 519 1049 565 haerent
1077 519 1293 566 iniuriae?
1322 526 1376 567 At
1399 532 1553 566 contra

278 590 488 653 sapientia
506 606 690 638 exornat
710 607 842 637 omne
862 591 1143 649 beneficium,
1162 609 1210 638 ac
1226 593 1299 638 fibi
1319 594 1403 655 ipsa
1425 609 1555 639 com-

280 663 455 709 mendat
469 698 481 721 ‚
503 675 544 709 et
562 663 603 710 se
624 664 783 710 assidua
800 664 892 710 eius
911 665 1334 712 commemoratione
1361 668 1555 714 deleRat.

279 735 408 782 Malis
434 753 518 781 una
548 736 752 799 voluptas
785 735 871 792 est,
906 747 949 782 et
977 737 1083 784 haec
1113 737 1286 793 brevis,
1311 739 1414 784 dum
1444 741 1555 787 acci-

279 809 406 870 piunt
436 806 650 854 beneficia
684 825 694 853 :
731 823 786 854 ex
820 807 975 871 quibus
1012 807 1191 871 sapienti
1226 809 1405 872 longum
1451 828 1556 874 gau-

279 884 400 930 dium
420 895 588 940 manet,
618 898 667 929 ac
688 897 891 945 perenne.
928 883 1032 929 Non
1053 883 1169 929 enim
1189 882 1307 929 illum
1333 885 1556 947 accipere,

275 958 354 1005 {ed
374 958 582 1020 accepiffe
608 958 792 1005 dele&at
817 973 831 1003 e.
864 957 986 1020 quod
1008 957 1254 1004 immortale
1273 957 1334 1004 est
1352 995 1364 1016 ,
1389 970 1432 1005 et
1455 959 1557 1005 affi-'

279 1033 430 1079 duum.
463 1033 535 1078 Illa
566 1031 838 1087 contemnit,
866 1031 1020 1095 quibus
1051 1031 1184 1078 laesus
1212 1033 1271 1079 est
1296 1051 1308 1079 e
1332 1051 1411 1081 nec
1435 1035 1557 1081 obli-

274 1105 460 1152 viscitur
494 1122 569 1168 per
605 1105 942 1169 negligentiam,
979 1104 1050 1150 sed
1083 1105 1255 1151 volens.
1286 1107 1389 1152 Non
1423 1107 1558 1161 vertit

272 1178 432 1225 'omnia
448 1176 492 1223 in
511 1176 633 1240 peius
658 1194 668 1222 :
699 1177 771 1224 sed
789 1193 870 1224 nec
899 1177 1066 1240 quaerit
1087 1178 1154 1223 cui
1175 1177 1359 1241 imputet
1383 1179 1524 1225 casum
1544 1215 1558 1237 ‚

273 1262 322 1296 *et
339 1264 513 1312 peccata
537 1248 769 1295 hominum
791 1248 844 1293 ad
871 1247 1094 1294 fortunam
1117 1249 1265 1309 potius
1286 1248 1430 1296 refert.
1452 1252 1557 1297 Non

279 1324 571 1371 cahimniatur
604 1321 770 1377 verba,
801 1337 881 1367 nec
914 1321 1059 1367 vultus
1082 1337 1096 1366 t
1123 1320 1338 1384 quidquid
1369 1322 1558 1379 accidit,

278 1398 467 1462 benigne
502 1397 832 1460 interpretando
856 1396 974 1442 levat
1003 1413 1014 1441 :
1042 1411 1121 1442 nec
1157 1393 1347 1441 offensae
1381 1396 1559 1458 potius,

271 1489 413 1536 ‘quam
441 1470 644 1518 beneficii
678 1467 890 1516 meminit.
911 1469 1134 1527 Quantum
1167 1467 1334 1530 potest,
1366 1469 1409 1513 in
1435 1470 1559 1532 prio-

276 1561 325 1590 re
350 1561 400 1591 ac
427 1543 612 1590 meliore
641 1543 683 1589 se
715 1541 930 1589 memoria
957 1540 1151 1595 detinet3
1186 1556 1265 1587 nec
1295 1552 1432 1588 mutat
1462 1542 1558 1588 ani-

277 1634 402 1664 mum
430 1617 632 1663 adversus
654 1616 769 1661 bene
797 1613 1003 1670 meritos,
1034 1612 1111 1659 nisi
1141 1614 1325 1660 multum
1347 1614 1557 1662 malefac-

276 1703 322 1737 ta
348 1691 633 1751 praecedant:
658 1700 700 1734 et
730 1686 1010 1734 manifestum
1035 1686 1163 1733 etiam
1186 1686 1445 1734 conniventi
1474 1688 1558 1734 dis-

279 1763 448 1819 crimen
475 1762 558 1809 est:
583 1775 687 1809 tunc
713 1777 893 1824 quoque
921 1760 965 1806 in
993 1760 1085 1806 ‘hoc
1116 1761 1367 1817 dumtaxat,
1391 1772 1437 1807 nt
1463 1761 1559 1808 talis

278 1836 330 1883 sit
358 1836 456 1899 post
485 1836 697 1882 maiorem
733 1834 965 1889 iniuriam,
995 1833 1132 1897 quasis
1162 1849 1258 1880 ante
1283 1834 1559 1882 beneficium.

279 1913 396 1958 Nam
431 1927 530 1957 cum
559 1907 780 1957 beneficio
811 1924 886 1971 par
916 1906 975 1955 est
998 1907 1155 1954 iniuria
1173 1943 1186 1963 ‚
1213 1907 1374 1970 aliquid
1394 1907 1438 1952 in
1469 1908 1559 1952 ani-

278 2001 358 2031 mo
375 1982 710 2031 benevolentiae
728 1994 935 2029 remanet.
953 1980 1345 2042 Quemadmodum
1364 1996 1460 2026 reus
1473 1981 1561 2027 sen-

279 2056 426 2103 tentiis
461 2055 636 2119 paribus
660 2052 928 2110 absolvitur,
961 2068 1003 2100 et
1030 2052 1201 2115 semper
1230 2051 1445 2116 quidquid
1476 2052 1559 2098 du-

279 2130 401 2177 bium
433 2128 519 2187 est,
548 2128 794 2175 humanitas
819 2127 996 2174 inclinat
1022 2127 1067 2173 in
1100 2126 1252 2172 melius
1273 2143 1283 2171 1
1304 2123 1360 2171 sic
1390 2125 1559 2173 animus

282 2201 514 2264 sapientis,
542 2200 621 2247 ubi
652 2200 770 2264 paria
799 2199 1023 2246 maleficiis
1054 2199 1206 2246 merita
1237 2198 1361 2255 sunt,
1396 2197 1558 2244 desinet

281 2274 460 2337 quidem
491 2274 676 2331 debere,
711 2272 783 2320 sed
820 2289 909 2319 non
943 2272 1106 2319 desinet
1136 2271 1247 2317 vesse
1285 2272 1558 2317 debere>e³et

281 2344 371 2391 hoc
389 2344 493 2392 facit
509 2382 522 2403 ‚
548 2345 676 2409 quod
696 2344 771 2409 qui
795 2343 893 2406 post
916 2343 1078 2390 tabulas
1099 2358 1239 2390 novas
1261 2342 1447 2388 solvunt.
1466 2341 1558 2386 Ne-

281 2435 359 2466 mo
379 2435 523 2466 autem
553 2430 697 2482 gratus
728 2417 812 2465 effe
846 2416 1014 2480 potest,
1042 2416 1119 2463 nisi
1148 2416 1427 2463 contemserit
1448 2413 1523 2460 ista
1543 2449 1558 2471 ‚

282 2504 464 2556 propter
486 2510 601 2557 quae
621 2492 777 2557 vulgus
799 2491 968 2541 insanit.
999 2492 1043 2538 Si
1066 2490 1226 2539 referre
1251 2490 1319 2540 vis
1348 2488 1527 2554 gratiam
1540 2503 1557 2545 ;
