1797 2956
327 174 424 237 360
568 174 945 223 LANNAE1
997 179 1347 226 SENECAE

328 297 493 343 quam,
530 281 853 344 surrepentibus
884 282 1035 341 vitiis,
1069 283 1114 330 in
1157 286 1437 349 tyrannidem
1474 305 1606 351 regna

327 354 452 400 versa
480 356 574 400 sunt
605 373 615 401 τ
648 372 760 417 opus
787 356 872 402 esse
897 357 1047 419 coepit
1071 358 1236 422 legibus
1254 396 1267 417 ‚
1297 377 1403 423 quas
1433 376 1476 408 et
1496 361 1606 423 ipsas

325 426 441 475 inter
461 427 583 475 initia
613 429 751 474 tulere
776 428 1001 491 sapientes.
1024 430 1191 488 Solon,
1218 432 1293 495 qui
1321 433 1509 480 Athenas
1528 450 1604 479 ae-

323 516 417 563 quo
449 501 540 547 iure
570 500 798 559 fundavit,
835 502 947 547 inter
973 502 1136 565 septem
1166 505 1265 551 aevi
1291 505 1492 569 sapientia
1517 522 1604 551 no-

323 586 408 620 tos.
456 575 711 638 Lycurgum
744 575 775 620 fi
808 575 962 622 eadem
1003 590 1117 624 aetas
1155 578 1342 637 tulisset,
1383 580 1506 626 sacro
1542 578 1604 625 illi

322 661 511 692 numero
550 647 783 694 acceffiffet
816 649 1012 695 octavus.
1042 648 1214 697 Zaleuci
1243 650 1356 714 leges
1395 651 1602 696 Charon-

322 719 493 782 daeque
525 719 766 766 laudantur.
801 722 846 766 hi
883 738 974 767 non
1009 722 1053 768 in
1079 723 1216 780 foro,
1246 739 1328 769 nec
1354 723 1397 769 in
1432 722 1603 770 consul·

320 804 471 838 torum
491 793 630 849 atrio,
654 792 727 840 sed
746 795 792 840 in
812 796 1091 858 Pythagorae
1111 796 1246 843 tacito
1261 796 1345 842 illo
1369 798 1601 859 saneioque

319 865 483 913 secefl'u
514 866 759 914 didicerunt
777 868 894 925 iura,
925 886 1036 932 quae
1070 869 1247 915 florenti
1275 881 1379 915 tunc
1406 869 1602 927 Siciliae,

318 954 363 988 et
391 959 470 1005 per
499 941 660 989 Italiam
681 943 891 991 Graeciae
921 956 1151 1006 ponerent.
1175 946 1393 991 Hacienus
1422 943 1604 990 Ροίῑάο·ι

318 1013 397 1060 nio
419 1014 654 1062 assentior:
683 1028 794 1064 artes
822 1017 1000 1081 quidem
1022 1035 1046 1064 a
1067 1018 1345 1081 philosophia
1376 1018 1602 1073 inventa53

316 1089 476 1150 quibus
493 1090 537 1134 in
566 1089 828 1152 quotidiano
850 1092 925 1138 usu
957 1091 1047 1138 vita
1072 1093 1209 1138 utitur
1226 1124 1240 1146 ‚
1262 1107 1350 1138 non
1372 1092 1598 1138 concesse-

316 1161 400 1207 rim
417 1197 430 1215 ‚
451 1178 531 1208 nec
545 1160 661 1208 illam
682 1163 874 1218 fabricae
892 1164 1090 1211 assertam
1104 1163 1304 1228 gloriam.
1325 1164 1395 1210 llla
1410 1200 1422 1222 ,
1441 1163 1596 1228 inquit,

314 1235 481 1297 sparsos
501 1246 544 1281 et
561 1249 633 1282 aut
653 1237 801 1283 casulis
817 1238 955 1284 tecios
969 1272 980 1291 ‚
1007 1250 1079 1284 aut
1100 1237 1243 1300 aliqua
1262 1254 1372 1300 rupe
1391 1237 1564 1284 suffossa
1579 1273 1594 1295 ‚

314 1320 387 1355 aut
413 1309 561 1355 exesae
587 1309 757 1357 arboris
777 1322 962 1368 trunco,
991 1310 1146 1357 docuit
1176 1311 1287 1357 tefta
1311 1308 1471 1356 moliri.
1498 1313 1594 1373 Ego

311 1398 426 1429 vero
460 1382 786 1445 philosophiam
822 1383 1000 1439 iudico,
1034 1399 1126 1429 non
1157 1382 1293 1446 magis
1326 1381 1593 1446 excogitasse

310 1456 386 1502 has
411 1456 755 1503 machinationes
777 1458 994 1503 tectorum
1021 1457 1147 1519 supra
1170 1457 1279 1505 tedia
1299 1454 1590 1520 sur-gentium,

309 1544 353 1576 et
377 1530 505 1577 urbes
524 1529 844 1592 prementium,
877 1546 1008 1594 quam
1035 1528 1208 1575 vivaria
1236 1528 1419 1590 piscium
1440 1528 1485 1575 in
1502 1529 1590 1576 hoc

305 1605 470 1662 clausa,
501 1615 549 1650 ut
575 1602 881 1665 tempestatum
900 1602 1091 1665 pericula
1115 1618 1206 1649 non
1235 1601 1370 1648 adiret
1394 1603 1517 1666 gula,
1544 1619 1587 1651 et

304 1676 510 1740 quamvis
541 1677 751 1723 acerrime
770 1677 926 1739 pelago
950 1675 1194 1732 saeviente,
1221 1676 1398 1722 haberet
1416 1677 1585 1722 luxuria

301 1761 457 1813 portus
481 1749 606 1806 suos,
626 1750 680 1795 *in
708 1749 865 1812 quibus
888 1748 1111 1795 distin&os
1137 1747 1318 1811 piscium
1346 1764 1496 1812 greges
1522 1750 1585 1795 sa-

224 1864 232 1868 .
300 1822 485 1886 ginaret.
508 1822 630 1883 Quid
659 1821 755 1868 ais?
786 1822 1069 1884 Philosophia
1093 1822 1247 1868 docuit
1274 1819 1476 1867 homines
1504 1822 1584 1867 ha·

298 1896 403 1942 bere
428 1895 596 1942 clavem
628 1912 670 1942 et
691 1894 861 1942 seram?
888 1909 931 1942 et
954 1893 1060 1958 quid
1082 1894 1198 1966 aliud
1217 1908 1306 1940 erat
1325 1929 1338 1953 ‚
1371 1895 1581 1942 avaritiae

297 1968 463 2032 signum
489 1968 590 2015 dare
608 1967 625 2014 ἒ
652 1968 936 2031 Philosophia
952 1969 1087 2024 haec,
1104 1983 1206 2016 cum
1227 1979 1350 2014 tanto
1375 1967 1578 2016 habitan-

294 2042 406 2088 tium
437 2043 666 2104 periculo,
696 2042 971 2089 imminentia
996 2042 1111 2089 tecta
1137 2042 1383 2105 suspendit?
1417 2045 1577 2090 Parum

291 2116 412 2161 enim
433 2128 524 2162 erat
541 2116 728 2164 fortuitis
748 2115 863 2180 tegi,
882 2128 924 2162 et
951 2114 1037 2161 fine
1056 2127 1151 2162 arteni
1168 2128 1210 2162 et
1232 2115 1482 2165 difficultate
1501 2135 1577 2164 na-

290 2191 430 2238 turale
451 2189 528 2238 fibi
557 2191 758 2239 invenire
782 2191 960 2256 aliquod
987 2189 1325 2251 receptaculum.
1342 2190 1455 2236 Mihi
1477 2208 1576 2238 cre-

288 2265 344 2310 de
363 2297 376 2320 ,
405 2263 509 2311 felix
534 2265 641 2311 illud
675 2265 867 2313 seculum
899 2275 997 2311 ante
1023 2263 1340 2311 architectonem
1370 2263 1465 2311 fuit.
1492 2264 1572 2315 Ista

287 2353 385 2385 nara
406 2339 522 2399 sunt,
546 2340 633 2387 iam
662 2341 864 2390 nascente
889 2342 1084 2397 luxuriam
1105 2340 1149 2387 in
1172 2340 1428 2405 quadratum
1450 2340 1570 2403 tigna

285 2411 514 2470 dec-idere,
539 2427 582 2461 et
602 2414 720 2462 ferro
745 2432 821 2477 per
841 2414 1056 2481 defignata
1080 2429 1309 2477 currente,
1340 2428 1456 2464 certa
1477 2433 1571 2463 mae

283 2498 345 2531 nu
373 2483 540 2532 trabem
567 2485 776 2535 scindere„
