1807 3004
279 152 340 202 88
539 154 589 201 L.
634 152 932 200 ANNAEI
985 155 1338 200 SENECAE

274 270 384 306 taret
415 259 454 307 se
485 258 618 317 scire,
649 260 771 322 quod
803 259 1033 323 quisquam
1067 260 1112 306 in
1148 261 1287 306 domo
1314 260 1384 306 sua
1420 260 1557 309 sciret.

276 332 394 378 1dem
427 332 624 378 Satellius
659 332 778 377 illum
815 331 983 377 hortari
1015 331 1192 394 coepit,
1225 331 1563 391 utxluciaretur,

278 405 506 453 hominem
541 406 998 468 aegrum‚pallidum‚
1031 406 1248 469 gracilem.
1288 406 1405 451 Cum
1436 407 1561 452 Sabi-

274 495 356 525 nus
384 478 700 540 respondisset,
739 482 791 525 Et
815 478 1050 541 quomodo
1084 479 1289 541 poss‘um?
1328 480 1406 527 vix
1434 480 1564 529 vivo,

275 551 413 610 Noli,
445 551 630 598 obsecro
650 564 722 609 te,
752 552 921 614 inquit,
958 551 1070 597 istud
1097 552 1255 598 dicere.
1290 569 1379 597 non
1411 552 1562 606 vides,

277 640 411 687 quam
458 624 624 670 multos
662 622 810 670 servos
848 622 1157 669 valentiffimos
1193 623 1388 669 habeas?
1441 625 1563 669 Bona

275 713 399 743 mens
427 714 506 744 nec
528 697 838 744 commodatur
854 731 866 753 ‚
886 711 966 741 nec
991 695 1149 741 emitur
1174 712 1183 741 :
1204 707 1246 741 et
1268 708 1378 757 puto
1393 731 1406 753 ,
1433 694 1462 740 si
1481 713 1564 742 ve·

276 770 382 816 nalis
413 769 551 825 esset,
587 786 676 816 non
706 770 882 815 haberet
907 780 1135 815 emtorem.
1166 781 1207 814 at
1229 768 1338 813 mala
1364 768 1564 830 quotidie

276 845 451 891 emitur.
479 845 560 890 Sed
590 843 741 906 accipe
767 842 852 889 iam
877 843 997 906 quod
1025 843 1190 900 debeo,
1220 853 1262 887 et
1286 841 1399 888 vale.
1421 841 1562 888 Divi-

274 917 360 966 tiae
396 917 492 964 sunt
513 953 526 975 ‚
557 917 612 963 ad
648 916 786 979 legem
822 930 1000 962 naturae
1038 914 1281 977 composita
1316 925 1564 976 paupertas.

279 993 384 1040 Hoc
412 991 536 1054 saepe
568 990 676 1038 dicit
712 989 957 1051 Epicurus,
990 988 1116 1035 aliter
1149 1000 1278 1051 atque
1308 987 1445 1034 aliter.
1481 987 1566 1033 Sed

278 1082 503 1129 nunquam
531 1064 662 1111 nimis
688 1063 871 1121 dicitur,
908 1064 1030 1126 quod
1062 1078 1287 1124 nunquam
1317 1060 1412 1107 satis
1437 1060 1566 1107 disci-

277 1147 362 1184 tur.
414 1137 692 1197 Quibusdam
730 1135 925 1184 remedia
956 1134 1265 1191 monstranda,
1303 1133 1566 1198 quibusdam

279 1208 534 1258 inculcanda
563 1208 674 1256 sunt.

507 1338 987 1385 Erts’roLA
1071 1334 1346 1381 XXVIII.

283 1468 394 1514 Loca
413 1481 577 1513 mutata
589 1499 603 1522 ,
628 1465 818 1511 animum
837 1482 925 1509 nort
941 1476 1123 1508 mutant.
1144 1461 1223 1522 l'pfi
1242 1476 1276 1506 te
1297 1461 1424 1506 debes.
1455 1461 1565 1505 Tolle

349 1542 556 1586 internam
586 1538 889 1600 aegrimoniam
907 1571 920 1594 ‚
949 1537 1085 1581 onmis
1112 1539 1224 1581 locus
1252 1537 1383 1580 bonus
1417 1536 1570 1579 iucun-

350 1614 502 1674 dzgfque
520 1613 611 1658 erit.
639 1614 813 1674 Eligam
833 1627 970 1656 tamen
987 1608 1233 1673 ,stpoffum
1248 1643 1261 1666 ‚
1288 1608 1569 1671 quietffrtzttm

349 1686 394 1734 δ’
424 1689 568 1734 minus
599 1689 725 1733 turbis
759 1702 834 1732 aut
861 1687 978 1732 vitiis
1007 1697 1296 1743 opportunum.
1338 1681 1570 1742 Clausala:

295 1758 298 1762 ’
351 1762 529 1807 Peccata
546 1776 619 1806 tua
637 1760 775 1820 nosce,
798 1760 884 1806 iam
905 1758 1117 1818 csfizlvus,

286 1876 492 1992 Hoc
519 1939 598 1987 tibi
617 1939 695 1988 soli
722 1950 845 2003 putas
876 1936 1104 1992 accidisse,
1136 1947 1179 1982 et
1203 1932 1428 1982 admiraris
1450 1931 1568 1997 quasi

287 2033 382 2064 rem
411 2033 578 2065 novam
599 2032 610 2061 :
635 2016 758 2079 quod
778 2013 1131 2078 peregrinatione
1147 2024 1237 2057 tam
1257 2010 1415 2072 longa,
1442 2021 1484 2056 et
1505 2020 1572 2055 tot

287 2087 495 2135 locorum
522 2086 833 2143 varietatibus,
866 2101 955 2130 non
985 2081 1209 2129 discuffisti
1239 2080 1453 2127 tristitiam
1474 2096 1574 2143 gra-

287 2160 560 2222 vitatemque
577 2157 748 2205 mentis.
771 2157 981 2204 Animum
998 2155 1130 2203 debes
1148 2166 1314 2200 mutare
1327 2188 1340 2210 ‚
1363 2168 1454 2199 non
1473 2166 1575 2197 coe-

288 2232 394 2280 lum.
415 2232 538 2279 Licet
562 2230 733 2279 vastum
752 2229 972 2277 traieceris
994 2243 1113 2275 mane
1126 2259 1140 2282 ,
1168 2227 1270 2275 licet
1290 2225 1373 2290 (ut
1390 2223 1574 2281 ait4Vir-

289 2307 415 2370 gilius
444 2304 625 2368 noster)
644 2318 874 2367 terraeque
899 2302 1115 2365 urbesque
1134 2300 1341 2348 recedant
1362 2316 1376 2345 z
1393 2297 1575 2360 sequen-

290 2395 363 2428 tur
393 2394 433 2428 te
448 2417 461 2438 ‚
482 2397 751 2444 quocunque
771 2378 1051 2442 perveneris,
1071 2375 1192 2424 vitia.
1211 2376 1315 2422 Hoc
1336 2373 1453 2421 idem
1477 2371 1575 2422 cui-

292 2455 393 2504 dam
416 2454 617 2520 querenti
649 2458 848 2502 Socrates
874 2452 935 2500 ait
956 2468 970 2500 z
993 2450 1117 2512 Quid
1145 2447 1344 2508 miraris,
1366 2443 1471 2494 nihil
1495 2441 1576 2492 tibi
