1797 2956
294 180 383 241 148
547 182 596 229 L.
641 183 936 228 ANNAEI
986 184 1340 231 SENECAE

287 289 398 352 goso
426 289 548 337 venit
578 307 588 336 ε
623 289 757 352 segnis
794 289 855 336 est
886 289 1075 338 urbanus
1109 306 1149 338 et
1180 309 1326 341 verna.
1377 294 1559 342 Nullum

285 360 480 406 laborem
509 360 705 407 recusant
739 355 921 419 manud,
951 378 1062 424 quae
1094 365 1148 409 ad
1181 381 1298 410 arma
1331 366 1384 410 ab
1417 377 1562 412 aratro

283 431 604 479 ‘transferuntur
626 450 636 478 :
665 432 708 478 in
728 432 875 495 primo
894 434 1040 482 deficit
1060 437 1239 499 pulvere
1259 437 1326 481 ille
1346 439 1497 483 {melus
1517 452 1560 485 et

283 505 459 552 nitidus.
511 505 716 551 Severior
749 506 836 552 loci
872 506 1093 568 disciplina
1127 508 1269 554 firmat
1304 509 1560 573 ingenium,

282 592 519 642 aptumque
540 579 705 642 magnis
723 579 948 626 conatibus
971 580 1126 627 reddit.
1155 580 1320 626 Literni
1337 579 1560 627 honestius

313 652 460 714 cipio,
493 668 622 714 quam
661 652 773 698 Baiis
807 652 1052 699 exsulabat:
1086 653 1210 698 ruina
1243 653 1334 699 eius
1371 669 1460 699 non
1498 653 1560 700 est

280 737 367 772 tam
398 724 594 771 molliter
618 725 888 771 collocanda.
917 725 981 771 Illi
1013 741 1218 789 quoque,
1252 726 1305 771 ad
1328 741 1440 788 quos
1465 727 1558 789 pri-

279 814 381 845 mos
408 797 586 844 fortuna
617 799 809 844 Romani
836 800 989 861 populi
1021 797 1212 862 publicas
1237 814 1344 861 opes
1371 800 1556 846 transtu-

277 869 352 925 lit,
384 869 438 916 C.
458 869 650 926 Marius,
679 883 723 915 et
750 869 833 915 Cn.
855 870 1115 933 Pompeius,
1145 883 1188 916 et
1215 869 1370 915 Caesar
1389 871 1556 918 exstru-

279 953 433 997 xerunt
469 941 644 1008 quidem
682 940 804 988 villas
838 941 881 987 in
916 942 1096 1005 regione
1134 942 1318 996 Baiana,
1361 941 1433 988 sed
1466 944 1558 991 illas

278 1012 584 1076 imposuerunt
609 1012 789 1060 summis
815 1013 926 1076 iugis
947 1015 1178 1060 montium.
1214 1014 1452 1060 Videbatur
1468 1016 1558 1063 hoc

276 1087 414 1150 magis
441 1086 650 1143 militare,
671 1104 724 1134 ex
749 1087 869 1135 edito
888 1088 1094 1148 speculari
1119 1089 1200 1133 late
1224 1087 1441 1150 longeque
1460 1088 1558 1136 sub-

277 1159 402 1205 imita.
453 1159 637 1220 Adspice
667 1176 796 1221 quam
830 1157 1091 1220 politionem
1124 1157 1372 1219 elegerunt,
1404 1159 1558 1222 quibus

279 1229 476 1278 aedificia
511 1230 810 1277 excitaverunt
842 1229 985 1285 locis,
1023 1242 1064 1274 et
1101 1230 1243 1292 qualia
1273 1246 1286 1274 ε
1327 1228 1430 1276 scias
1464 1247 1556 1277 non

278 1306 402 1352 villas
435 1304 549 1359 effe,
594 1303 667 1351 sed
703 1303 848 1351 castra.
887 1302 1192 1349 Habitaturum
1227 1313 1276 1349 tu
1311 1314 1434 1364 putas
1471 1322 1555 1350 un-

279 1392 408 1438 quam
441 1374 562 1421 fuiss‘e
586 1374 629 1420 in
659 1374 789 1420 Utica
817 1373 1064 1430 Catonem,
1095 1387 1143 1420 ut
1166 1374 1554 1438 praeternavigan-

279 1463 343 1496 tes
371 1449 584 1496 adulteras
613 1448 932 1504 dinumeraret,
965 1458 1009 1493 et
1038 1445 1277 1507 adspiceret
1306 1459 1375 1493 tot
1401 1463 1557 1509 genera

279 1523 543 1587 cymbarum
565 1520 695 1568 variis
724 1518 950 1567 coloribus
969 1518 1079 1581 piCra
1093 1553 1106 1574 ,
1133 1530 1174 1564 et
1190 1517 1432 1565 fluitantem
1456 1532 1555 1566 toto

278 1596 373 1640 lacu
396 1593 566 1650 rosam,
596 1603 642 1638 ut
674 1591 842 1638 audiret
873 1592 1118 1637 canentium
1153 1591 1366 1636 noemma
1397 1593 1558 1638 convi-

278 1667 371 1714 tia?
393 1682 540 1713 nonne
567 1681 741 1712 manere
766 1665 835 1711 ille
860 1664 970 1710 intra
994 1664 1151 1709 vallum
1173 1662 1413 1719 mammet,
1433 1665 1555 1727 quod

280 1742 324 1786 in
356 1755 484 1784 unam
511 1738 684 1784 noetem
716 1753 845 1782 manu
873 1737 941 1782 sua
971 1735 1190 1782 duxisset?
1220 1736 1387 1796 Quidni
1419 1737 1555 1794 malit,

273 1812 473 1875 quisquis
495 1810 565 1857 vir
585 1809 665 1865 est5
688 1810 887 1855 somnum
914 1808 1036 1854 suum
1057 1808 1228 1854 claffico
1245 1844 1258 1865 ‚
1276 1825 1406 1870 quam
1431 1800 1553 1871 sym-

277 1884 443 1948 phonia
464 1883 641 1946 rumpi?
673 1883 757 1928 Sed
787 1881 881 1927 satis
909 1882 983 1927 diu
1010 1897 1109 1926 cum
1136 1880 1246 1927 Baiis
1268 1879 1552 1943 litigavimus,

277 1972 501 2019 nunquam
523 1956 617 2001 satis
640 1972 739 2002 cum
766 1954 884 1999 vitiis
913 1970 924 1999 z
950 1968 1083 2015 quae,
1109 1969 1192 1999 oro
1211 1966 1272 2008 te,
1301 1952 1362 1997 mi
1388 1953 1551 2010 Lucili,

275 2029 535 2093 persequere
566 2028 652 2074 fine
683 2028 850 2081 modo,
882 2026 968 2073 fine
997 2026 1108 2081 fine3
1139 2041 1237 2072 narn
1268 2025 1350 2071 illis
1375 2040 1554 2087 quoque

276 2120 358 2150 nec
384 2101 481 2149 finis
516 2101 606 2157 est,
641 2117 720 2149 nec
748 2099 921 2146 modus.
960 2098 1131 2144 Proiice
1156 2113 1441 2161 quaecunque
1474 2113 1554 2143 cor

279 2187 398 2222 tuum
428 2174 620 2220 laniant:
645 2188 756 2235 quae
784 2171 812 2217 fi
841 2171 961 2215 aliter
986 2169 1155 2215 extrahi
1181 2168 1436 2231 nequirent,
1471 2183 1551 2214 cor

274 2248 413 2310 ipsum
435 2264 533 2295 cum
554 2246 632 2293 illis
652 2244 949 2292 revellendum
978 2257 1082 2289 erat.
1112 2243 1370 2304 Voluptates
1387 2241 1550 2303 praeci-

275 2338 361 2384 pue
387 2321 566 2367 exturba
582 2355 594 2378 ‚
618 2331 660 2366 et
686 2317 957 2365 inviiiffimas
986 2316 1095 2361 habe
1111 2351 1124 2370 ,
1154 2316 1371 2360 latronum
1398 2329 1548 2369 more,

273 2410 388 2456 quos
413 2393 596 2439 Philetas
621 2391 836 2455 Aegyptii
866 2401 1041 2440 vocant.
1068 2388 1114 2437 in
1141 2389 1230 2436 hoc
1254 2404 1335 2435 nos
1354 2386 1545 2449 amplec-

271 2476 446 2526 tuntur,
474 2477 522 2514 ut
549 2465 824 2530 strangulent⁰
