1780 2988
547 153 1131 205 EPtSTOLAffi
1390 164 1491 233 4133

203 268 364 316 fulcire
386 284 518 314 venas
541 268 744 315 cadentes
765 285 774 313 :
797 267 1045 314 nesciebant
1072 265 1234 313 saniem
1260 265 1457 314 emittere
1475 302 1490 326 ‚

164 349 168 351 ’
202 359 247 389 et
276 342 489 389 diutinam
514 341 859 403 aegrotationem
891 340 1050 386 balneo
1075 339 1391 402 sudoribusque
1423 341 1490 385 la-

206 425 307 460 xare
329 431 338 459 ε
362 413 608 459 nesciebant
628 429 802 458 crurum
825 412 1030 469 vinculo,
1046 411 1415 474 brachiorumque
1434 412 1492 458 la·

207 498 370 533 tentem
394 486 485 531 vim
501 521 514 542 ,
540 499 583 532 et
610 485 654 530 in
685 485 832 530 medio
857 485 1073 531 sedentem
1090 517 1104 541 ‚
1125 482 1178 529 ad
1205 494 1402 529 extrema
1422 500 1490 530 re·

207 570 384 603 vocare.
412 557 519 602 Non
545 568 634 602 erat
657 554 825 601 necesse
849 553 1182 616 circumspicere
1202 554 1337 599 multa
1363 553 1490 600 auxi-

204 629 367 675 liorum
397 645 580 692 genera,
611 644 712 673 cum
744 626 878 673 efi'ent
909 626 1203 689 periculorum
1225 624 1492 687 paucissima.

206 703 341 748 Nunc
373 718 481 748 vero
511 718 638 765 quam
665 701 797 763 longe
826 699 1121 762 processerunt
1139 699 1251 744 mala
1270 697 1491 745 valetudi···³

207 775 273 821 nis
291 776 307 821 ?
340 776 413 821 has
428 776 574 821 usuras
590 774 870 835 voluptatum
899 773 1128 836 pendimus
1143 809 1156 829 ‚
1177 772 1287 818 ultra
1306 772 1490 818 modum
1540 818 1546 822 s

206 847 354 910 fasque
373 850 722 911 concupitarum.
746 846 1086 892 Innumerabiles
1105 846 1189 891 effe
1207 846 1390 891 morbos
1408 845 1491 890 mi·

206 920 341 967 raris?
366 937 536 983 coquos
557 936 749 966 numera.
769 918 914 965 Cessat
934 934 1068 964 omne
1088 916 1273 964 studium
1291 934 1302 962 t
1324 928 1366 963 et
1384 917 1494 963 libe—

209 993 314 1039 ralia
344 992 551 1054 profesti,
583 991 667 1038 fine
702 991 783 1037 ulla
810 990 1084 1054 frequentia,
1117 990 1294 1037 desertis
1325 989 1494 1053 angulis

208 1065 464 1126 praesident.
483 1068 528 1110 In
550 1065 776 1110 rhetorum
792 1080 842 1109 ac
861 1063 1229 1125 philosophorum
1248 1063 1405 1109 scholis
1423 1063 1493 1109 so·-

209 1130 350 1182 litudo
379 1137 438 1182 est
469 1155 479 1183 :
512 1151 551 1182 at
586 1153 715 1199 quam
753 1136 943 1183 celebres
974 1135 1142 1181 culinae
1170 1135 1296 1193 sunt,
1330 1149 1493 1199 quanta

211 1207 325 1254 circa
354 1221 566 1271 nepotum
589 1209 716 1254 scr-cos
737 1209 943 1256 iuventus
964 1209 1152 1270 premit?
1172 1208 1368 1255 Transeo
1389 1226 1495 1271 pue-

211 1293 363 1326 rorum
394 1281 633 1327 infelicium
665 1297 814 1344 greges
836 1298 846 1326 :
868 1298 980 1344 quos
1015 1281 1112 1343 post
1143 1281 1347 1326 transacta
1379 1297 1494 1328 con—

212 1352 355 1409 vivia,
375 1351 480 1399 aliae
499 1353 684 1399 cubiculi
705 1352 992 1400 contumeliae
1010 1348 1274 1416 exspectatun
1297 1354 1494 1401 Transeo

213 1427 386 1490 agmina
422 1429 697 1475 exoletorum
721 1464 733 1484 ‚
773 1445 850 1491 per
882 1430 1083 1475 nationes
1120 1428 1377 1492 coloresque
1413 1430 1495 1476 de·-

211 1502 394 1563 scripta‚
421 1514 466 1546 ut
483 1503 633 1546 eadem
655 1501 861 1547 omnibus
878 1501 1029 1548 levitas
1048 1501 1122 1557 fitz,
1146 1502 1296 1548 eadem
1326 1503 1495 1564 primae

213 1576 412 1621 mensura
425 1574 662 1636 lanuginis,
677 1575 826 1620 eadem
845 1574 1006 1637 species
1024 1574 1300 1638 capillorum,
1312 1592 1365 1620 ne
1386 1577 1499 1639 quis,

215 1648 285 1692 cui
314 1648 474 1693 rectior
508 1648 569 1693 est
602 1663 759 1705 coma,
799 1647 996 1709 crispulis
1023 1649 1264 1695 misceatur.
1300 1649 1499 1697 Transeo

214 1719 427 1782 pistorum
456 1722 654 1776 turbam,
683 1721 854 1766 transeo
874 1720 1216 1769 ministratorum
1239 1748 1255 1779 ‚
1287 1739 1368 1786 per
1385 1739 1503 1787 quos

215 1793 337 1856 signo
362 1794 556 1852 datovad
587 1793 862 1840 inferendam
893 1811 1078 1841 coenam
1108 1794 1375 1844 discurritur.
1417 1797 1499 1845 Dii

215 1866 344 1922 boni,
361 1882 573 1927 quantum
591 1866 824 1912 hominum
841 1884 951 1914 unus
965 1881 1121 1915 venter
1138 1869 1333 1916 exercet!
1353 1870 1499 1930 Quid?

217 1950 262 1984 tu
285 1938 378 1984 illos
396 1939 569 1985 boletos
583 1975 595 1995 ,
616 1938 916 2000 voluptarium
940 1956 1162 1986 venenum
1177 1976 1191 1998 ‚
1210 1941 1501 1990 nihilocculti

218 2012 366 2074 operis
397 2013 563 2059 iudicas
594 2012 766 2069 facere,
806 2012 970 2059 etiamsi
996 2015 1293 2076 praesentanei
1320 2033 1410 2063 non
1431 2016 1502 2064 su-

219 2090 347 2132 ram?
372 2086 495 2146 Quid
514 2086 531 2132 ἓ
554 2098 599 2131 tu
617 2085 733 2132 illam
759 2087 963 2132 aestivam
985 2089 1134 2135 nivem
1162 2107 1253 2136 non
1271 2103 1395 2154 putas
1414 2092 1503 2138 cal-

220 2159 309 2204 lum
337 2159 601 2206 iecinoribus
626 2160 881 2206 obducere?
909 2161 1069 2221 Quid?
1098 2163 1168 2209 illa
1194 2164 1358 2218 ostrea.
1384 2165 1504 2212 iner-

221 2232 420 2280 tiffimam
441 2249 614 2279 carnem
632 2269 643 2288 ,
680 2249 825 2279 coeno
854 2234 1115 2296 saginatam,
1149 2235 1254 2282 nihil
1283 2237 1506 2285 existimas

220 2305 398 2352 limosae
415 2307 634 2370 gravitatis
657 2308 816 2355 inferre
835 2309 852 2354 ?
873 2310 1030 2370 Quid?
1057 2311 1161 2356 illud
1180 2311 1413 2358 Sociorum
1432 2329 1508 2376 ga-

221 2396 319 2426 rum
336 2415 349 2438 ,
377 2380 609 2442 pretiosam
636 2382 850 2428 malorum
880 2383 1066 2445 piscium
1083 2384 1270 2442 saniem,
1296 2402 1387 2432 non
1407 2402 1504 2434 cre-

223 2452 288 2499 dis
317 2470 442 2499 urere
477 2453 578 2499 salsa
612 2454 709 2500 tabe
750 2456 1042 2516 praecordia?
1080 2457 1239 2518 Quid?
1267 2457 1340 2505 illa
1370 2468 1507 2522 putu*

256 2530 305 2578 L.
335 2531 460 2576 Arm.
487 2532 628 2576 Senes.
659 2532 751 2576 Vol,
774 2530 862 2580 III,
1186 2530 1235 2578 D
1253 2532 1281 2579 d
1347 2560 1350 2561 ⁷
