1807 3004
442 192 1110 260 ffEPlSTOLAE.
1364 215 1455 263 259

175 307 279 372 quia
312 324 466 355 eorum
503 287 573 353 liic
605 323 713 353 unus
746 306 807 353 est
842 306 964 363 usus,
999 305 1205 351 sarcinam
1238 304 1364 352 ferre.
1410 311 1459 354 ln

178 400 286 429 cane
309 382 509 445 sagacitas
537 381 678 442 prima
700 380 787 437 est,
824 381 852 426 si
877 379 1135 442 investigare
1164 379 1292 425 debet
1321 379 1457 428 seras:

178 456 347 511 cursus,
369 453 399 499 fi
417 452 625 516 consequi
646 467 655 496 ε
679 451 876 505 audacia,
907 450 937 496 fi
957 451 1162 496 mordere
1179 465 1221 497 et
1240 451 1462 499 invadere,

176 528 226 573 ld
254 527 299 572 in
326 541 506 589 quoque
531 524 750 586 optimum
772 524 831 570 est
858 524 929 571 cui
957 523 1168 577 nascitur,
1190 539 1282 586 quo
1310 525 1462 571 cense-

178 613 265 645 tur.
293 601 340 643 ln
355 597 548 644 homine
569 597 789 660 optimum
812 596 918 659 quid
938 595 1024 642 est?
1054 596 1198 642 Ratio,
1242 596 1321 643 hac
1341 610 1464 644 ante·

177 673 292 719 cedit
321 672 547 726 animalia,
579 672 685 718 deos
718 671 922 735 sequitur.
948 670 1077 716 Ratio
1107 687 1216 732 ergo
1248 669 1466 733 perfecla,

177 748 410 810 proprium
439 747 632 793 hominis
660 745 827 792 bonum
859 744 919 791 est
946 760 956 790 :
986 756 1125 791 cetera
1154 744 1214 790 illi
1245 763 1342 792 cum
1376 747 1466 792 ani·-

178 819 570 882 malibusesatisque
599 819 854 866 communia
890 816 1004 864 sunt.
1030 818 1193 865 Valet?
1232 835 1275 865 et
1304 820 1467 869 leones.

180 892 402 939 formosus
431 892 522 939 est?
559 905 601 939 et
630 908 841 953 pavone&
870 893 1006 938 velox
1032 891 1123 938 est?
1147 904 1196 945 ‚et
1229 893 1344 955 equi⁴
1374 910 1467 940 non

181 964 313 1020 dico,
338 964 381 1009 in
401 963 466 1010 his
495 963 698 1009 omnibus
725 963 934 1010 vincitur.
961 963 1066 1009 Non
1094 980 1259 1026 quaero
1290 965 1393 1025 quid
1421 967 1467 1012 in

181 1035 223 1081 se
243 1035 479 1081 maximum
512 1036 689 1092 habeat,
722 1035 791 1081 sed
810 1034 911 1097 quid
936 1035 1073 1081 suum.
1108 1037 1285 1097 Corpus
1302 1036 1466 1083 habet?

178 1119 222 1152 et
246 1109 435 1154 arbores,
464 1101 595 1154 habet
625 1107 840 1168 impetum
864 1120 906 1153 et
931 1122 1102 1153 motum
1129 1109 1466 1155 voluntarium?

177 1196 220 1226 et
246 1180 422 1235 bestiae,
450 1192 493 1226 et
519 1196 705 1227 vermes.
732 1178 862 1225 habet
884 1181 1079 1226 vocem?
1103 1179 1175 1226 sed
1197 1197 1361 1243 quanto
1379 1182 1467 1228 cla-

178 1254 342 1299 riorem
372 1270 499 1299 canes
519 1289 531 1308 ,
551 1252 792 1298 acutiorem
821 1254 1014 1315 aquilae,
1043 1256 1293 1315 graviorem
1316 1258 1428 1303 tauri
1450 1291 1465 1313 ‚
1516 1309 1518 1311 ,

181 1325 426 1372 dulciorem
446 1325 819 1387 mobilioremque
840 1324 1064 1370 lusciniae?
1082 1326 1205 1385 Quid
1220 1328 1264 1372 in
1284 1328 1468 1377 homine

181 1398 442 1462 proprium?
471 1397 614 1443 Ratio.
640 1397 747 1443 haec
773 1399 883 1443 reela
903 1413 946 1443 et
973 1399 1294 1460 consummata,
1325 1400 1467 1448 felici—

183 1486 312 1520 tatem
331 1472 521 1519 hominis
540 1471 754 1534 implevit.
774 1474 892 1535 Ergo
914 1472 943 1518 fi
971 1474 1116 1520 omnis
1141 1491 1206 1520 res
1223 1511 1235 1529 ‚
1264 1491 1363 1522 cum
1383 1475 1469 1522 bo-

182 1564 286 1593 num
309 1546 429 1593 suum
454 1546 659 1608 perfecit,
689 1545 913 1591 laudabilis
930 1545 1018 1601 est,
1041 1559 1084 1595 et
1103 1548 1154 1592 ad
1177 1547 1308 1595 finem
1337 1564 1468 1596 natu-

181 1637 252 1667 rae
274 1620 372 1666 suae
392 1621 616 1682 pervenit,
639 1619 809 1664 homiui
830 1633 974 1664 autem
1007 1619 1130 1666 suum
1158 1621 1326 1667 bonum
1350 1623 1467 1672 ratio

182 1694 268 1749 est;
289 1694 318 1739 fi
339 1694 447 1739 hanc
469 1692 680 1753 perfecit,
709 1692 934 1755 laudabilis
954 1692 1014 1739 est
1029 1729 1042 1749 ‚
1068 1705 1110 1738 et
1135 1692 1266 1739 finem
1291 1706 1469 1744 naturae

165 1768 279 1830 'suae
302 1767 455 1830 attigit.
478 1767 584 1811 haec
604 1766 718 1811 ratio
743 1764 959 1826 perse-Eia,
987 1765 1130 1810 virtus
1151 1779 1363 1824 vocatur,
1390 1786 1467 1815 ea-

183 1843 372 1905 demque
395 1839 623 1899 honestum
651 1838 724 1885 est.
754 1839 801 1884 Id
824 1838 970 1900 iraque
990 1855 1124 1883 unum
1150 1838 1320 1887 bonum
1346 1842 1467 1890 estin

181 1915 384 1969 homine,
416 1912 538 1975 quod
567 1918 701 1956 unum
737 1909 929 1956 hominis
961 1909 1038 1957 est.
1067 1927 1186 1957 nunc
1222 1913 1355 1958 enim'
1377 1932 1470 1962 non

184 1986 435 2049 quaerimus
452 1985 559 2045 quid
587 1984 635 2030 fit
653 1985 817 2030 bonum
832 2020 843 2038 ‚
864 1983 935 2030 sed
958 1984 1080 2047 quod
1103 1983 1361 2033 sithominis
1380 1986 1470 2034 bo·

185 2076 303 2105 num.
327 2058 367 2103 Si
389 2057 553 2103 nullum
584 2056 699 2102 aliud
722 2056 782 2102 est
802 2056 1017 2110 hominis,
1050 2074 1178 2118 quam
1200 2060 1342 2106 ratio:
1364 2061 1470 2111 haec

185 2131 269 2179 erit
298 2147 434 2176 unum
465 2129 556 2176 eius
581 2129 775 2183 bonum,
805 2129 877 2174 sed
897 2129 1161 2192 pensandum
1190 2147 1290 2177 cum
1318 2135 1470 2181 omni-

186 2206 279 2251 bus.
323 2204 366 2249 Si
402 2202 451 2249 fit
482 2202 638 2264 aliquis
672 2203 807 2248 malus
833 2235 847 2256 ‚
894 2216 1004 2264 puto
1040 2195 1362 2265 improbabitur
1392 2226 1402 2253 :
1439 2208 1482 2255 {i-

186 2277 352 2334 bonus,
389 2289 498 2337 puto
536 2275 810 2337 probabitur.
845 2275 893 2321 Id
931 2291 1040 2338 ergo
1074 2275 1117 2320 iu
1147 2275 1327 2324 homine
1365 2264 1470 2341 pro'.

184 2351 329 2413 prium
360 2349 588 2412 solumque
614 2348 704 2405 est,
741 2365 833 2410 quo
857 2363 899 2394 et
931 2350 1143 2412 probatur
1167 2362 1209 2394 et
1242 2351 1471 2413 improbae

183 2436 271 2469 tur.
305 2425 408 2469 Non
444 2423 637 2477 dubitas,
674 2439 727 2468 an
760 2422 847 2467 hoc
880 2412 1155 2468 sit'bonum:
1190 2422 1470 2487 dubitasyafi

185 2496 324 2544 solum
345 2497 511 2544 bonum
533 2495 598 2543 fit.
626 2495 670 2543 Si
694 2497 796 2560 quis
814 2496 964 2543 omnia
980 2496 1068 2541 ‘alia
1097 2482 1472 2558 habear'svalet'iss

1113 2571 1151 2615 R
1190 2589 1215 2615 a,
