1807 3004
462 214 1094 261 ’E‘PISTOLAE
1355 232 1444 278 239

165 320 224 367 ita
238 319 379 367 dicam
395 353 408 375 ,
427 319 504 366 sub
527 320 611 365 ictu
629 319 786 365 habent
807 337 817 365 :
840 319 886 364 hi
907 335 998 365 non
1022 317 1364 377 concutiuntur3
1386 339 1440 368 ne

97 434 106 441 .
166 391 373 439 defluunt*
400 391 609 455 quidem:
638 391 835 436 nondum
866 390 912 436 in
941 390 1086 447 ficco,
1119 391 1205 436 iam
1234 390 1278 436 in
1309 406 1444 454 portu

168 464 277 510 sunt.
307 467 545 526 Ergocum
566 476 657 508 tam
675 479 831 525 magna
856 460 936 507 fint
954 462 1067 508 inter
1091 463 1283 510 summos
1309 463 1448 510 imos-

167 553 255 597 que
277 535 550 591 discrimina,
575 551 674 580 cum
701 534 870 581 medios
894 550 1073 596 quoque
1099 534 1301 598 sequatur
1329 535 1448 583 fruc-

165 597 234 654 tus
250 608 346 654 suus
360 643 374 665 ‚
393 606 594 670 sequatur
612 606 766 669 ingens
788 605 1030 669 periculum
1045 606 1098 651 ad
1119 607 1450 654 deteriorarred-

167 681 298 729 eundi
320 699 330 727 :
353 697 444 726 non
466 679 673 726 debemus
708 679 1074 741 occupationibus
1106 680 1345 744 indulgere.
1377 697 1449 727 ex-

169 753 407 800 cludendae
426 754 520 800 sunt
541 770 551 798 :
574 753 605 798 fi
628 752 757 800 semel
772 752 1056 812 intraverint,
1083 753 1126 798 in
1148 754 1299 800 locum
1322 754 1447 801 suum
1500 787 1507 796 x

165 825 270 871 alias
296 824 563 872 substituent.
591 825 820 888 Principiis
844 824 1014 872 illarum
1038 825 1273 874 obstemus.
1293 825 1445 872 melius
1474 874 1483 878 „

167 913 260 945 non
291 898 527 962 incipient,
557 914 690 962 quam
716 897 923 945 desinent.

394 1028 868 1075 EPISTOLA
948 1026 1223 1073 LXXIII.

171 1159 442 1220 Philosophos
473 1175 560 1202 non
595 1153 663 1220 ff
699 1171 968 1202 contumaces.
1008 1156 1158 1200 Parere
1194 1155 1358 1217 magis,
1401 1152 1444 1200 G*

234 1250 372 1277 amare
401 1231 640 1290 Principes,
673 1247 797 1289 quam
825 1229 918 1273 illos
947 1229 1187 1288 ambitiosos
1204 1263 1219 1284 ,
1251 1243 1325 1273 aut
1354 1229 1448 1273 Pa-

231 1306 400 1349 latinos.
419 1304 536 1347 Nam
562 1301 623 1366 {sti
645 1315 856 1360 appetunt,
876 1301 1086 1355 invident,
1097 1301 1260 1361 semper
1284 1303 1445 1362 inquie-

235 1378 290 1432 ti,
309 1373 484 1435 &strepe
514 1374 627 1419 irati.
661 1374 733 1417 Illi
760 1388 894 1418 autem
925 1389 1074 1418 amant
1090 1408 1103 1428 ‚
1123 1375 1224 1434 quia
1243 1376 1288 1419 itz
1317 1376 1445 1434 quiete

222 1447 306 1506 fich
339 1448 396 1491 iis
415 1447 549 1505 sunc;
582 1442 624 1490 G*
652 1448 754 1490 tales
780 1445 910 1503 funt,
937 1447 984 1489 id
1010 1445 1083 1511 est,
1112 1448 1312 1491 bonarum
1338 1464 1446 1491 mer·-

234 1523 342 1566 cium
355 1522 480 1582 pleni.
502 1521 719 1580 Imputatzt
737 1521 860 1564 etiam
888 1520 962 1564 lzoc
978 1520 1210 1577 beneficium
1230 1554 1243 1576 ,
1262 1518 1441 1582 effiplu-

236 1593 350 1637 ribus
377 1592 604 1652 contingat.
641 1591 851 1636 Hortatur
878 1592 1021 1636 deinde
1043 1589 1232 1655 afficrgere
1262 1596 1322 1638 ad
1345 1596 1446 1638 Vir-
1504 1591 1510 1597 ’

234 1680 386 1721 tutem,
415 1665 463 1708 id
488 1660 558 1729 est,
589 1664 747 1710 Deum.
778 1665 896 1710 Nam
927 1666 1168 1726 Sapientem
1190 1666 1445 1728 (Stoicafic-

227 1738 392 1799 perbia)
425 1740 491 1784 vel
511 1737 578 1782 illi
586 1755 747 1798 parem.

173 1846 444 1960 ERRARE
463 1909 571 1957 mihi
598 1909 825 1967 videntur,
849 1909 926 1972 qui
949 1909 1219 1968 existimant,
1245 1909 1444 1974 philoso-

171 1982 300 2045 phiae
330 1981 511 2029 fideliter
539 1983 737 2040 deditos,
776 1995 1054 2031 contumaces
1082 1984 1164 2031 effe
1194 2001 1244 2032 ac
1275 1985 1440 2034 refrac-

172 2059 328 2115 tarios,
347 2070 390 2103 et
418 2069 715 2104 contemtores
750 2057 1071 2120 magistratuum
1099 2077 1149 2107 ac
1175 2076 1347 2123 regum,
1362 2077 1442 2108 eo-

171 2145 329 2176 rumve
354 2144 431 2191 per
464 2144 574 2192 quos
601 2126 774 2190 publica
799 2129 1164 2179 administrantur.
1192 2134 1228 2178 E
1262 2146 1442 2180 contra-

172 2202 242 2248 rio
271 2201 418 2259 enim,
449 2201 554 2248 nulli
584 2202 787 2249 adversus
816 2203 912 2251 illos
944 2204 1156 2267 gratiores
1191 2206 1290 2254 sunt
1315 2225 1326 2254 :
1360 2220 1443 2256 nec

170 2273 406 2320 immerito.
431 2273 557 2321 nullis
581 2273 698 2321 enim
718 2275 812 2337 plus
843 2277 1084 2338 praestant,
1115 2294 1246 2340 quam
1281 2279 1440 2342 quibus

171 2346 257 2393 frui
280 2348 515 2410 tranquillo
542 2347 638 2395 otio
665 2348 778 2395 licet.
812 2352 960 2414 Itaque
986 2351 1054 2409 hi,
1078 2351 1234 2414 quibus
1260 2351 1315 2398 ad
1333 2367 1439 2414 pro·
1463 2383 1469 2389 2

173 2422 363 2484 pofitum
385 2425 495 2470 bene
514 2423 699 2472 vivendi
728 2424 889 2473 aditum
910 2425 1082 2473 confert
1100 2425 1302 2473 securitas
1327 2425 1440 2488 pub-

170 2494 253 2542 lica
269 2530 284 2555 ‚
312 2495 482 2546 neceffe
507 2495 568 2545 est
588 2497 811 2549 auctorem
830 2497 957 2547 huius
979 2498 1087 2547 boni
1103 2531 1120 2557 ‚
1143 2511 1190 2547 ut
1213 2509 1438 2562 parentem
