1797 2956
314 168 406 232 348
572 171 953 218 LANNAEI
1002 173 1358 221 SENECAE

309 276 371 322 est
397 292 538 323 autem
560 313 573 333 ,
597 295 727 340 quare
747 278 1011 336 existimem,
1031 296 1120 325 non
1139 281 1331 327 futurum
1354 280 1589 344 sapientem

309 365 410 394 eum
432 350 507 412 qui
538 350 679 396 literas
710 351 842 397 nescit
863 369 872 396 :
906 368 1008 398 cum
1031 352 1237 415 sapientia
1257 370 1347 399 non
1367 354 1414 400 fit
1435 354 1478 400 in
1498 355 1591 401 lite-

308 423 401 471 ris?
429 426 514 470 Res
534 425 663 472 tradit
679 461 691 481 ,
714 441 804 472 non
827 427 963 473 verba
987 445 998 473 ε
1026 440 1067 474 et
1085 428 1230 476 nescio
1249 446 1300 475 an
1321 429 1482 476 certior
1501 446 1593 477 me-

308 496 450 541 moria
487 496 564 555 fit,
609 513 719 560 quae
751 498 917 544 nullum
951 513 1074 546 extra
1108 499 1149 547 se
1185 499 1415 547 subsidium
1451 500 1592 546 habet.

308 569 469 630 Magna
490 583 533 615 et
553 568 734 631 spatiosa
765 587 831 617 res
853 570 913 617 est
928 607 941 628 ,
964 571 1169 633 sapientia
1193 589 1204 618 z
1227 589 1370 620 vacuo
1398 571 1457 618 illi
1487 570 1593 619 loco

310 657 422 703 opus
440 640 501 687 est
526 660 537 688 :
571 643 625 689 de
648 643 809 691 divinis
840 645 1124 709 humanisque
1150 645 1400 693 discendum
1429 645 1516 693 est:
1539 647 1594 694 de

307 714 582 777 praeteritis,
612 717 666 762 de
693 716 848 764 futuris
865 754 879 776 ,
900 719 954 765 de
984 718 1187 776 caducis,
1215 719 1269 765 de
1293 719 1502 774 aeternis,
1539 719 1594 765 de

307 801 510 852 tempore
530 807 540 836 :
563 791 616 836 de
641 808 732 853 quo
760 808 854 838 uno
885 792 987 840 vide
1018 810 1149 855 quam
1169 792 1302 839 multa
1321 804 1595 856 quaerantur.

307 863 533 921 Primum,
561 880 614 909 an
644 881 721 926 per
749 865 790 911 se
824 863 873 910 fit
897 865 1061 928 aliquid
1092 883 1103 911 :
1139 865 1318 922 deinde,
1344 882 1398 911 an
1432 865 1594 928 aliquid

307 949 408 982 ante
429 947 601 998 tempus
621 936 669 983 fit
689 955 699 983 :
722 937 752 983 fi
774 949 949 1001 tempus
967 955 1066 984 cum
1098 939 1266 984 mundo
1284 937 1433 1000 coepit
1448 974 1461 996 ,
1479 954 1532 983 an
1553 948 1596 984 et

305 1019 405 1054 ante
425 1010 666 1066 mundum,
701 1012 801 1074 quia
821 1010 957 1058 fuerit
976 1011 1139 1074 aliquid
1152 1044 1166 1066 ,
1201 1010 1334 1057 fuerit
1351 1022 1393 1057 et
1410 1022 1595 1072 tempus.

305 1082 647 1130 Innumerabiles
678 1084 954 1147 quaestiones
990 1084 1084 1130 sunt
1118 1085 1172 1130 de
1212 1083 1361 1129 animo
1392 1099 1594 1130 tantum:

308 1155 425 1201 unde
453 1156 529 1214 sit,
554 1158 689 1218 qualis
722 1157 800 1212 fit,
825 1157 1004 1220 quando
1031 1156 1114 1202 effe
1144 1156 1350 1218 incipiat,
1386 1155 1597 1218 quamdiu

305 1224 384 1271 fit:
412 1244 465 1272 an
494 1228 669 1276 aliunde
697 1229 786 1276 alio
810 1228 1023 1285 transeat,
1052 1241 1094 1274 et
1121 1228 1398 1274 domicilium
1428 1241 1565 1273 mutet
1585 1263 1602 1284 ‚

305 1299 362 1345 ad
380 1301 482 1347 alias
499 1301 751 1348 animalium
770 1300 937 1348 formas
956 1301 1141 1365 aliasque
1163 1302 1384 1348 coniectus
1402 1318 1412 1346 ε
1433 1317 1486 1345 an
1507 1315 1597 1346 non

307 1374 495 1436 amplius
522 1392 653 1438 quam
686 1374 816 1422 semel
846 1373 1029 1429 serviat,
1065 1387 1108 1420 et
1130 1373 1304 1420 emiffus
1339 1384 1521 1436 vagetur
1551 1373 1596 1420 in

309 1456 411 1491 toto
432 1464 442 1492 :
464 1458 610 1493 utrum
631 1463 792 1510 corpus
815 1446 863 1492 fit
877 1482 890 1503 ‚
908 1464 962 1494 an
980 1464 1070 1493 non
1090 1447 1165 1496 sit:
1186 1447 1292 1510 quid
1312 1445 1360 1493 fit
1380 1446 1568 1493 fafiturus
1583 1482 1597 1505 ,

307 1535 410 1566 cum
438 1539 517 1583 per
536 1540 619 1570 nos
639 1524 804 1587 aliquid
830 1523 973 1570 facere
995 1523 1163 1569 desierit
1183 1540 1193 1568 ε
1215 1522 1448 1585 quomodo
1468 1520 1596 1568 liber-

308 1607 396 1640 tate
418 1594 490 1640 sua
515 1596 695 1653 usurus,
715 1614 815 1644 cum
837 1614 889 1642 ex
908 1597 988 1642 hac
1008 1595 1210 1659 effugerit
1227 1611 1383 1642 eavea:
1409 1611 1462 1640 an
1482 1592 1597 1640 obli·-

307 1665 499 1712 viscatur
522 1667 744 1729 priorum,
770 1681 813 1714 et
837 1667 925 1713 illic
943 1667 1064 1712 noffe
1085 1667 1125 1714 se
1145 1666 1345 1728 incipiat,
1367 1665 1597 1729 postquam

309 1739 364 1785 de
388 1756 577 1803 corpore
607 1742 821 1788 abductus
851 1741 897 1788 in
922 1741 1102 1788 sublime
1131 1741 1308 1788 seceffit.
1339 1742 1597 1801 Quamcum·

307 1827 394 1873 que
422 1827 591 1873 partem
621 1830 770 1860 rerum
799 1813 1084 1860 humanarum
1112 1813 1449 1875 divinarumque
1469 1829 1597 1859 com-

308 1886 592 1947 prehenderis
606 1924 620 1945 ,
646 1888 814 1952 ingenti
835 1889 965 1952 copia
987 1889 1341 1952 quaerendorum
1362 1904 1411 1934 ac
1430 1887 1598 1935 discen-

311 1958 475 2005 dorum
502 1960 759 2024 fatigaberis.
786 1962 908 2008 Haec
928 1974 1014 2008 tam
1043 1962 1206 2019 multa,
1234 1973 1320 2007 tam
1345 1976 1522 2023 magna,
1551 1972 1600 2008 ut

311 2031 472 2079 habere
508 2033 671 2096 poffint
706 2033 890 2080 liberum
930 2031 1200 2094 hospitium,
1243 2032 1507 2093 supervacua
1541 2049 1598 2078 ex

312 2106 463 2153 animo
488 2107 683 2154 tollenda
715 2106 824 2154 sunt.
857 2107 965 2152 Non
993 2106 1113 2152 dabit
1138 2106 1178 2152 se
1206 2106 1253 2152 in
1285 2105 1360 2152 has
1386 2103 1599 2168 angustias

313 2180 469 2228 virtus.
497 2181 644 2228 laxum
683 2180 864 2244 spatium
895 2196 962 2227 res
991 2196 1148 2243 magna
1177 2178 1262 2226 defi
1297 2190 1398 2225 erat.
1447 2178 1599 2241 expel-

313 2254 457 2300 lantur
481 2253 664 2300 omnia:
697 2266 840 2300 totum
868 2254 1015 2316 peetus
1038 2252 1100 2299 illi
1127 2264 1266 2299 vacet.
1297 2254 1353 2297 At
1377 2250 1494 2297 enim
1521 2251 1598 2297 de-

312 2327 437 2376 lectat
457 2328 614 2376 artium
636 2328 790 2376 notitia
815 2328 1065 2375 multarum.
1094 2328 1287 2373 Tantum
1307 2326 1452 2388 itaque
1471 2341 1525 2371 ex
1544 2323 1597 2370 il-

313 2401 364 2448 lis
392 2402 682 2461 retineamus,
713 2414 923 2465 quantum
948 2400 1008 2448 est
1035 2399 1334 2447 neceffarium.
1356 2400 1422 2442 An
1442 2411 1488 2444 tu
1506 2395 1598 2443 exi-

314 2476 458 2524 stimas
493 2477 904 2543 reprehendendum
927 2510 942 2535 ,
983 2475 1061 2541 qui
1097 2475 1362 2539 supervacua
1402 2472 1480 2522 usu
1520 2470 1598 2520 fibi
