1780 2988
430 167 1163 214 >Epistotatz=
1314 184 1406 232 399

142 291 232 323 non
254 275 376 339 quod
395 290 508 337 opus
532 274 590 320 est
609 311 621 332 ‚
647 275 716 321 secl
738 275 862 338 quod
881 273 1046 321 necesse
1067 272 1140 319 est.
1161 275 1296 334 Quod
1318 293 1411 322 non

142 366 254 411 opus
277 348 359 403 est,
393 347 475 394 affe
499 364 644 395 carum
674 347 746 394 est.
790 347 944 407 Qualia
972 346 1180 403 similla,
1210 359 1282 391 aut
1310 348 1415 392 red-

141 422 232 467 dita
254 420 460 476 oraculo,
490 435 562 466 aut
587 420 734 466 similia
763 437 773 465 :
799 419 1015 482 Tempori
1044 435 1195 482 parce3
1225 418 1415 487 Te-nos-

143 511 209 540 ce.
240 491 466 555 Numquid
487 492 699 539 rationem
725 493 870 557 exiges
885 528 900 550 ,
929 509 1031 540 cum
1057 492 1137 540 tibi
1161 491 1317 556 aliquis
1335 492 1416 539 hos

145 565 305 613 dixerit
322 563 469 612 versus
488 563 506 609 ἓ

210 698 464 742 Iniuriarum
491 695 707 741 remedium
728 695 780 760 est
801 695 965 742 oblivio.

211 780 426 824 Audentes
441 778 621 837 fortuna
648 777 779 822 iuvat.

213 860 337 920 Piger
346 857 432 922 fibi
458 858 537 919 ipse
561 857 698 922 obstat.

148 998 430 1045 Advocatum
447 996 523 1044 ista
540 1012 630 1043 non
645 1008 879 1059 quaerunt:
903 994 1074 1044 affeffim
1089 996 1204 1059 ipsos
1221 1010 1421 1064 tangunt,

147 1083 191 1117 et
220 1083 368 1116 natura
397 1071 490 1119 vim
522 1070 638 1116 suam
667 1083 900 1116 exercente
929 1069 1175 1132 proficiunt.
1204 1074 1420 1122 Omnium

149 1142 426 1188 honestarum
459 1158 608 1188 rerum
636 1141 796 1188 semina
827 1141 959 1188 animi
989 1157 1170 1206 gerunt,
1202 1161 1313 1209 quae
1340 1149 1423 1195 acl-

149 1216 400 1264 monitione
428 1216 670 1264 excitantur
691 1232 809 1263 :non
835 1216 956 1263 aliter
977 1233 1107 1280 quam
1134 1219 1314 1268 scintilla
1343 1222 1424 1269 fla-

149 1302 198 1335 tu
226 1288 312 1335 levi
340 1288 511 1347 adiuta,
539 1288 685 1352 ignem
718 1287 840 1335 suum
871 1288 1069 1351 explicat.
1107 1291 1297 1355 Erigitur
1330 1294 1423 1340 vir-

150 1373 246 1417 tus,
275 1377 372 1408 cum
402 1361 512 1408 tacta
539 1361 599 1409 est
625 1374 668 1408 et
693 1361 883 1425 impulsa.
929 1363 1178 1420 Praeterea,
1208 1367 1423 1428 quaedam

150 1434 247 1481 sunt
279 1434 456 1496 quidem
490 1433 536 1480 in
566 1433 746 1491 animo,
779 1433 849 1480 sed
880 1450 1032 1497 parum
1068 1450 1242 1497 promta
1273 1456 1283 1485 :
1313 1457 1424 1502 quae

151 1508 367 1570 incipiunt
391 1507 435 1553 in
455 1507 658 1570 expedito
673 1506 776 1564 effe,
796 1523 897 1553 cum
926 1507 1035 1553 dista
1058 1508 1164 1555 sunt.
1191 1512 1422 1570 Quaedam

153 1580 331 1629 diversis
357 1580 464 1628 locis
486 1581 624 1627 iacent
649 1580 808 1642 sparsa,
833 1597 945 1643 quae
972 1582 1227 1630 contrahere
1256 1584 1427 1631 inexer-

152 1654 279 1702 citata
307 1671 428 1700 mens
451 1669 540 1699 non
561 1653 717 1715 potest.
750 1655 899 1715 ltaque
927 1652 973 1699 in
998 1671 1133 1700 unum
1162 1658 1426 1704 conferenda

152 1730 273 1784 sunt,
298 1743 341 1775 et
365 1727 580 1790 iungenda
595 1762 608 1784 ,
627 1739 673 1773 ut
696 1727 792 1789 plus
811 1726 1005 1783 valeant,
1031 1728 1314 1793 animumque
1335 1748 1428 1778 ma-

151 1802 214 1866 gis
243 1802 442 1849 allevent.
470 1807 584 1858 Aut,
614 1800 643 1846 fi
675 1813 905 1864 praecepta
929 1800 1035 1846 nihil
1064 1802 1301 1864 adiuvant,
1326 1822 1430 1852 om·

154 1876 221 1922 nis
247 1874 458 1922 institutio
489 1875 681 1922 tollenda
709 1874 798 1919 est:
823 1873 912 1936 ipsa
939 1885 1088 1921 natura
1116 1879 1311 1927 contenti
1344 1881 1428 1928 effe

155 1950 378 1996 debemus.
419 1950 520 1996 Hoc
554 1947 632 2011 qui
672 1947 848 2001 dicunt,
879 1964 968 1994 non
1011 1950 1162 1996 vident
1192 1953 1325 2000 alium
1359 1954 1428 2001 in-

156 2021 275 2084 genii
300 2020 383 2067 effe
406 2020 581 2066 mobilis
610 2030 651 2065 et
674 2018 833 2076 ereffi,
864 2020 992 2066 alium
1022 2023 1133 2068 tardi
1161 2035 1203 2069 et
1230 2025 1426 2073 hebetis:

156 2095 308 2156 utique
337 2094 443 2140 alius
474 2094 562 2139 alio
597 2092 861 2156 ingeniosior
886 2093 961 2140 est.
1001 2096 1166 2157 Ingenii
1198 2098 1265 2143 vis
1298 2116 1428 2161 prae-

154 2165 294 2226 ceptis
320 2165 443 2210 alitur
472 2177 515 2211 et
537 2166 715 2217 crescit,
747 2164 967 2227 novasque
1000 2167 1293 2229 persuasiones
1317 2172 1428 2217 adii-

158 2239 218 2285 cit
246 2238 424 2293 innatis,
452 2250 493 2283 et
521 2238 752 2299 depravata
779 2238 976 2301 corrigit.
1028 2241 1071 2286 Si
1099 2242 1224 2304 quis,
1253 2242 1430 2306 inquit,

157 2324 249 2354 non
284 2309 410 2355 habet
443 2309 555 2355 recta
583 2309 783 2363 decreta,
810 2309 915 2370 quid
948 2310 1070 2357 illum
1106 2313 1429 2363 admoniriones

159 2379 370 2426 iuvabunt
394 2380 513 2426 vitiis
543 2380 779 2443 obligatum
802 2383 818 2424 ?
857 2381 958 2427 Hoc
988 2383 1146 2443 scilicet
1167 2400 1180 2438 ;
1199 2397 1244 2430 ut
1269 2385 1350 2432 illis
1374 2387 1430 2432 li-

158 2453 350 2511 beretur.
377 2469 470 2501 non
495 2453 611 2502 enim
644 2453 846 2501 exstincta
872 2455 920 2501 in
948 2453 1024 2501 illo
1049 2454 1219 2504 indoles
1248 2471 1427 2514 natura·-⁴
