1797 2956
343 199 436 229 220
600 186 645 231 L.
691 185 984 232 ANNAEI
1033 187 1383 235 SENECAE

339 288 479 346 duxit,
496 306 590 351 quo
608 290 988 338 veniendum'erat
1007 291 1135 339 etiam
1157 295 1454 343 ct1n6lantibus
1476 313 1486 341 ε
1507 296 1616 344 alios

337 362 575 408 maceravit
593 374 635 407 et
650 363 780 408 coxit.
800 380 927 426 quae,
948 377 995 410 ut
1015 364 1111 421 scis,
1132 382 1220 411 non
1239 366 1406 428 semper
1426 368 1615 416 retinen—

335 433 391 479 da
414 434 486 480 est.
514 436 618 478 Non
636 435 753 479 enim
774 436 928 482 vivere
951 436 1118 482 bonum
1142 437 1202 485 est
1218 474 1232 494 ,
1257 438 1328 484 sed
1354 440 1465 487 bene
1486 442 1616 489 vive-

334 521 396 551 re.
416 507 561 568 Itaque
579 505 743 568 sapiens
758 507 891 565 vivit,
911 521 1120 571 quantum
1135 511 1278 568 deber,
1294 529 1383 557 non
1401 527 1614 576 quantum

334 579 490 639 potest.
531 580 707 625 Videbit
726 581 799 626 ubi
832 582 1024 629 viilurus
1050 581 1124 640 fit,
1160 600 1260 630 cum
1283 586 1465 647 quibus,
1496 604 1613 650 quo-

331 651 474 696 modo
490 688 502 708 ,
522 652 625 713 quid
643 655 823 700 aelurus.
842 654 1004 716 cogitat
1025 652 1214 716 semper,
1233 656 1369 718 qualis
1393 659 1480 704 vita
1494 695 1507 716 ,
1523 677 1615 706 non

331 739 493 784 quanta
524 725 585 771 fit.
615 726 656 771 Si
681 727 812 772 multa
842 743 1082 774 occurrunt
1109 728 1311 787 molesta,
1330 744 1377 779 et
1402 733 1613 795 tranquil-

328 796 493 844 litatem
515 799 726 845 turbantia
743 836 756 856 ,
775 801 932 847 emittit
961 802 1001 848 se
1023 819 1034 847 ε
1057 819 1137 848 nec
1166 802 1254 849 hoc
1280 814 1446 849 tantum
1472 804 1516 851 in
1538 822 1614 852 ne-

331 869 517 918 ceffitate
541 872 689 917 ultima
716 872 847 931 facit,
875 873 946 919 sed
974 890 1074 920 cum
1103 873 1294 936 primum
1327 875 1389 921 illi
1420 877 1615 939 coeperit

332 942 522 1005 suspee'ta
545 945 629 991 effe
654 945 858 1003 fortuna,
886 947 1114 1010 diligenter
1143 947 1463 1011 circumspicit,
1491 967 1616 996 num-

326 1016 434 1077 quid
461 1017 533 1062 illo
559 1018 627 1064 die
653 1018 931 1065 definendum
956 1020 1018 1066 fit.
1063 1019 1185 1066 Nihil
1210 1019 1424 1068 existimat
1454 1021 1526 1068 sua
1543 1037 1611 1068 re-

326 1086 444 1134 ferre
463 1121 476 1144 ,
506 1089 635 1137 faciat
654 1089 784 1137 finem
800 1124 814 1147 ,
837 1109 888 1138 au
915 1093 1128 1155 accipiat:
1157 1093 1319 1140 tardius
1349 1092 1422 1139 fiat
1442 1130 1454 1150 ,
1474 1110 1528 1140 an
1550 1093 1612 1140 ci-

325 1159 422 1208 tius.
451 1179 541 1208 non
569 1176 774 1227 tanquam
799 1167 853 1212 de
877 1182 1039 1228 magno
1060 1165 1326 1213 detrimento
1351 1166 1491 1214 timet.
1521 1168 1612 1214 Ne·

327 1249 403 1279 mo
428 1235 610 1281 multum
630 1252 682 1281 ex
700 1236 922 1283 stillicidio
942 1237 1083 1299 potest
1100 1238 1296 1299 perdere.
1313 1238 1455 1285 Citius
1475 1239 1611 1296 mori,

326 1305 401 1352 vel
430 1308 619 1366 tardius,
645 1309 700 1354 ad
733 1325 825 1355 rem
857 1326 948 1355 non
980 1310 1168 1372 pertinet
1194 1327 1203 1355 :
1229 1310 1339 1357 bene
1368 1311 1515 1368 mori,
1541 1325 1615 1358 aut

326 1379 467 1437 male,
499 1382 553 1426 ad
583 1398 677 1428 rem
707 1381 906 1444 pertinet.
936 1384 1046 1430 bene
1066 1395 1207 1429 autem
1242 1382 1386 1441 mori,
1411 1383 1471 1431 est
1501 1383 1618 1429 effu-·

326 1469 427 1515 gere
456 1454 569 1500 male
607 1455 791 1505 vivendi
824 1454 1081 1517 periculum.
1122 1457 1268 1517 Itaque
1299 1453 1612 1500 effeminatiffi·

325 1543 442 1574 mam
465 1546 625 1576 vocem
648 1530 762 1576 illius
782 1530 947 1576 Rhodii
967 1529 1173 1576 existimo
1193 1565 1207 1585 ,
1242 1529 1319 1595 qui
1351 1545 1451 1575 cum
1470 1529 1516 1574 in
1534 1545 1611 1575 ca-

325 1616 452 1646 veam
478 1600 704 1648 conie&us
730 1602 835 1649 effet
861 1621 883 1649 a
910 1615 1131 1667 tyranno,
1158 1613 1202 1648 et
1229 1613 1435 1664 tanquam
1463 1599 1608 1647 ferum

323 1671 503 1735 aliquod
532 1673 689 1719 animal
719 1675 934 1733 aleretur,
972 1673 1164 1721 suadenti
1197 1673 1372 1719 cuidam
1402 1683 1450 1718 ut
1477 1672 1610 1719 absti-

323 1758 448 1791 neret
481 1745 583 1792 cibo
614 1762 625 1791 z
661 1747 858 1805 Omnia,
887 1748 1057 1811 inquit,
1091 1745 1290 1802 homini,
1324 1746 1431 1791 dum
1467 1745 1609 1803 vivit,

322 1816 532 1879 speranda
559 1817 667 1864 sunt.
703 1821 766 1865 Ut
793 1819 841 1865 fit
867 1820 956 1866 hoc
986 1836 1140 1867 verum
1161 1853 1175 1875 ,
1201 1834 1292 1864 non
1311 1818 1436 1864 omni
1463 1818 1611 1880 pretio

325 1890 419 1936 vita
449 1891 637 1937 emenda
665 1891 737 1940 est.
767 1894 1025 1953 Quaedam,
1046 1892 1147 1939 licet
1177 1909 1364 1956 magna,
1389 1892 1490 1939 licet
1513 1909 1613 1939 cer-

323 1975 367 2008 ta
396 1963 476 2009 fint
494 1999 508 2021 ,
539 1976 684 2011 tamen
715 1967 769 2012 ad
794 1967 865 2012 illa
899 1965 1014 2029 turpi
1045 1964 1308 2012 infirmitatis
1339 1964 1611 2012 confeffione

321 2051 415 2082 non
445 2037 638 2084 veniam.
682 2040 780 2102 Ego
812 2041 1004 2102 cogitem
1026 2074 1039 2095 ‚
1072 2038 1117 2084 in
1148 2054 1205 2085 eo
1235 2036 1310 2100 qui
1336 2037 1479 2095 vivit,
1508 2053 1610 2084 om-

324 2108 395 2154 nia
414 2109 535 2172 poffe
562 2110 784 2158 fortunam
800 2148 811 2169 ‚
836 2112 983 2173 potius
1012 2127 1142 2174 quam
1173 2111 1364 2173 cogitem
1384 2111 1428 2155 in
1454 2126 1512 2156 eo
1530 2111 1613 2173 qui'

321 2179 401 2226 scit
424 2181 569 2240 mori,
599 2183 707 2230 nihil
733 2183 856 2247 poffe
883 2183 1135 2230 fortunam?
1165 2182 1416 2244 Aliquando
1434 2195 1607 2242 tamen,

322 2257 457 2302 etiam
483 2256 512 2302 si
533 2271 654 2304 certa
679 2274 801 2304 mors
829 2257 1001 2303 instabit
1014 2292 1030 2314 ,
1057 2269 1100 2303 et
1126 2255 1381 2302 destinatum
1404 2255 1481 2302 fibi
1505 2255 1606 2316 sup-

323 2327 505 2390 plicium
534 2330 671 2386 sciet-‚
709 2346 800 2376 non
838 2329 1145 2376 commodabit
1177 2345 1346 2392 poenae
1379 2328 1478 2375 suae
1508 2344 1605 2373 ma-

325 2418 446 2449 num.
493 2404 678 2451 Stultitia
713 2404 804 2462 est,
840 2403 1000 2451 timore
1034 2401 1190 2448 mortis
1220 2401 1352 2448 mori.
1380 2400 1501 2449 venit
1527 2399 1606 2462 qui

316 2470 510 2526 occidat,
541 2477 762 2541 Exspeila,
787 2476 893 2541 quid
914 2476 1140 2539 occupas?
1160 2492 1298 2540 quare·
1314 2473 1487 2536 suscipis
1506 2473 1610 2520 alie-
