1807 3004
341 199 426 245 1013
563 201 611 246 L.
668 203 974 250 ANNAEI
1022 206 1373 254 SENECAE

331 305 503 352 luntatis
529 306 691 352 indicat
722 308 913 354 animum
948 322 1092 357 natare
1123 312 1287 370 aliubi,
1317 326 1446 375 atque
1475 314 1608 363 aliubi

331 394 539 439 apparere
556 414 567 434 ,
599 392 730 440 prout
744 380 840 426 tulit
860 394 1027 429 ventus.
1047 384 1150 429 Non
1171 398 1379 448 vagatur,
1413 388 1534 449 quod
1550 389 1611 435 est

329 448 466 495 fixum
485 462 526 496 et
547 449 791 497 fundatum.
809 451 921 498 Istud
940 453 1117 516 sapienti
1144 456 1335 518 perfeflo
1364 459 1580 522 contingit
1595 495 1610 518 ,

327 522 596 583 aliquatenus
627 536 669 569 et
706 523 953 584 proficienti
989 528 1306 590 provedloque.
1342 531 1467 591 Quid
1500 548 1610 596 ergo

327 593 530 640 interest?
549 595 617 641 hic
633 610 944 643 commovetur
963 599 1160 661 quidem,
1179 614 1425 649 nontamen
1444 605 1608 664 tranfir,

328 667 398 713 sed
421 668 499 714 suo
518 668 623 714 loco
641 681 784 716 nutat:
804 671 875 716 ille
894 688 974 717 nec
996 688 1310 720 commovetur
1324 676 1517 738 quidem.

551 799 1021 848 EPISTOLA
1112 803 1382 851 XXXVI.

323 929 490 974 Laudat
508 929 709 987 quendam
728 931 798 990 qui
817 931 956 989 otiose
974 933 1161 978 admovit
1174 967 1188 988 ,
1213 951 1240 977 a
1265 932 1468 994 republica
1486 954 1607 982 amo·

386 1003 445 1048 vit
466 1018 481 1045 .·
506 999 548 1046 fr
573 1017 618 1046 ut
637 1018 874 1047 contemnat
891 1006 1004 1065 vulgi
1032 1024 1159 1051 voces.
1191 1010 1340 1069 Pergat
1360 1011 1491 1055 bonus
1510 1009 1578 1074 effi}
1592 1045 1607 1068 ‚

386 1091 461 1121 aut
491 1078 625 1138 magis
643 1078 739 1136 fieri
751 1096 771 1133 ,-
784 1094 928 1140 pergat
956 1076 998 1124 6⁶
1023 1095 1189 1125 mortem
1225 1082 1461 1142 aspernari,
1490 1084 1607 1145 idque

386 1166 558 1197 fanone.
637 1185 669 1198 a
682 1183 692 1199 f

323 1256 661 1371 AMICUM
689 1331 810 1367 tuum
838 1320 1042 1375 hortare,
1064 1332 1111 1367 ut
1132 1321 1235 1368 istos
1265 1339 1428 1386 magno
1458 1324 1609 1372 animo

321 1405 603 1449 contemnat,
637 1394 711 1457 qui
734 1395 854 1440 illum
890 1395 1149 1457 obiurgant,
1181 1396 1304 1457 quod
1338 1397 1537 1444 umbram
1567 1410 1611 1445 et

319 1466 460 1512 otium
488 1467 686 1529 petierit,
709 1467 832 1529 quod
853 1466 1106 1528 dignitatem
1127 1466 1243 1512 suam
1265 1466 1503 1515 destituerit
1519 1504 1534 1525 ,
1565 1480 1608 1516 et

278 1547 284 1550 “
321 1556 422 1585 cum
449 1540 543 1602 plus
571 1539 782 1602 consequi
812 1539 977 1602 poffet,
1007 1538 1258 1602 praetulerit
1284 1539 1477 1600 quietem
1505 1557 1607 1586 om-

319 1611 461 1658 nibus.
482 1613 630 1672 Quam
653 1611 817 1657 utiliter
843 1611 1068 1675 negotium
1096 1610 1213 1657 suum
1239 1611 1426 1674 gefferit,
1454 1611 1605 1674 quoti—

318 1681 389 1730 die
409 1683 490 1729 illis
515 1682 726 1730 ostendet.
754 1683 812 1730 Hi
836 1685 994 1747 quibus
1020 1684 1264 1740 invidetur,
1295 1700 1385 1729 non
1412 1683 1606 1731 definent

317 1757 505 1805 transire.
533 1757 606 1804 alii
629 1758 872 1814 elidentur,
900 1757 969 1804 alii
997 1758 1165 1805 cadent.
1196 1758 1283 1803 Res
1303 1754 1363 1802 est
1379 1757 1605 1819 inquieta,

317 1831 529 1879 felicitas:
551 1831 640 1893 ipsa
658 1832 699 1878 se
717 1832 928 1895 exagitat,
954 1844 1111 1878 movet
1128 1831 1355 1878 cerebrum
1372 1865 1384 1885 ‚
1403 1847 1493 1876 non
1511 1848 1604 1878 uno

315 1921 492 1968 genere.
522 1905 643 1952 Alios
668 1904 714 1950 in
740 1905 856 1951 aliud
879 1903 1046 1952 irritat:
1067 1905 1147 1951 hos
1170 1903 1215 1949 in
1243 1903 1516 1964 potentiam,
1545 1903 1602 1949 il·

314 1978 383 2024 los
399 1977 443 2023 in
459 1976 675 2023 luxuriam
696 1994 707 2024 ε
732 1977 814 2025 hos
834 1977 983 2035 inflat,
1011 1978 1107 2024 illos
1133 1974 1304 2031 mollit,
1334 1987 1376 2021 et
1392 1987 1511 2022 totos
1528 1993 1602 2024 re-

313 2050 459 2098 solvit.
488 2052 544 2095 At
565 2050 677 2097 bene
704 2050 860 2113 aliquis
883 2049 1002 2096 illam
1029 2049 1112 2096 fert
1132 2066 1143 2095 τ
1166 2048 1249 2102 fic,
1273 2048 1507 2110 quomodo
1528 2048 1601 2098 vi-

314 2140 438 2170 num.
466 2125 617 2187 Itaque
643 2139 735 2169 non
756 2122 818 2170 est
841 2123 965 2186 quod
987 2122 1066 2170 tibi
1084 2122 1149 2168 isti
1168 2119 1473 2183 persuadeant,
1497 2138 1600 2168 eum

312 2196 401 2244 effe
434 2196 637 2256 felicem,
671 2196 748 2261 qui
777 2215 801 2243 a
834 2196 984 2247 multis
1008 2195 1244 2244 obfidetur.
1273 2196 1331 2243 fic
1364 2197 1418 2243 ad
1447 2196 1600 2254 illum,

313 2270 694 2333 quemadmodum
727 2270 782 2317 ad
818 2269 988 2327 lacum,
1021 2266 1299 2316 enncurritur
1320 2286 1331 2316 :
1355 2285 1489 2332 quem
1522 2269 1600 2332 qui

315 2342 605 2400 exhauriunt,
635 2355 677 2390 et
705 2343 892 2390 turbant.
921 2341 1215 2405 Nugatorium
1237 2353 1281 2388 et
1309 2340 1489 2388 inertem
1514 2357 1601 2389 vo·

313 2430 430 2462 cant.
469 2414 558 2461 Scis
584 2415 796 2479 quosdam
819 2415 1021 2478 perverse
1047 2415 1192 2479 loqui,
1224 2427 1268 2461 et
1298 2413 1464 2478 fignare
1489 2430 1599 2463 con-

311 2488 456 2536 traria.
486 2487 676 2537 Felicem
698 2490 932 2540 vocabant.
959 2488 1069 2556 quid
1089 2486 1225 2554 ergo?
1257 2484 1375 2537 erat?
1402 2485 1473 2536 Ne
1489 2484 1600 2535 illud
