1797 2956
299 179 392 241 ³ae
527 163 1348 213 L.ANNAEISENECAE

296 288 364 320 rat
395 270 602 318 adversus
632 286 850 316 uxorem:
892 269 1036 330 patri,
1065 271 1297 332 quomodo
1327 271 1482 319 educet
1516 273 1574 321 Ιί-4

297 344 430 391 beros
449 362 459 389 :
481 342 666 389 domino
680 376 693 398 ‚
713 341 949 403 quomodo
974 339 1122 386 servos
1142 354 1260 406 regat
1279 360 1289 388 :
1307 344 1484 405 quidam
1506 347 1575 392 so-

298 417 385 463 lam
414 425 688 476 receperunt,
721 425 883 458 ceteras
911 410 1029 474 quasi
1053 425 1175 458 extra
1203 413 1390 460 nostram
1412 417 1574 463 utilita-

298 501 386 537 tem
419 500 625 551 vagantes
654 485 920 548 reliquerunt
950 502 960 530 :
998 499 1205 546 tanquam
1236 487 1331 549 quis
1363 490 1491 549 possit
1519 489 1575 535 de

298 578 421 625 parte
453 561 653 617 suadere,
688 559 761 605 nisi
796 559 872 621 qui
905 557 1119 604 summam
1147 560 1265 620 prius
1294 561 1428 607 totius
1458 562 1574 609 vitae

297 633 559 696 complexus
583 631 657 678 est.
684 632 767 677 Sed
793 630 938 676 Aristo
964 632 1137 677 Stoicus
1165 648 1188 677 e
1215 633 1434 679 contrario
1465 634 1575 680 hanc

297 719 469 769 partem
498 707 643 750 levem
675 702 886 750 existimat
905 738 918 759 ,
947 714 989 747 et
1014 719 1124 764 quae
1153 720 1245 752 non
1270 703 1498 750 descendat
1528 705 1575 750 in

297 780 447 842 peclus
465 776 599 840 usque
620 775 821 820 :atillam
838 791 930 820 non
949 774 1180 821 habentem
1203 790 1450 838 praecepta,
1476 777 1575 839 plu-

297 855 463 900 timum
489 852 547 897 ait
570 848 814 913 proficere;
845 848 1024 912 ipsaque
1047 849 1218 895 decreta
1242 849 1544 912 philosophiae
1560 884 1577 905 ,

299 924 655 974 constituti-onem
675 921 758 967 effe
781 921 937 969 summi
963 920 1098 975 boni;
1133 937 1262 983 quam
1283 921 1359 983 qui
1379 922 1488 967 bene
1506 921 1577 966 in·-

298 998 461 1046 tellexit
484 1007 526 1042 et
556 993 734 1050 didicit,
761 993 870 1056 quid
892 993 936 1038 in
963 1009 1136 1055 quaque
1163 1009 1210 1039 re
1235 991 1478 1040 faciendum
1500 993 1579 1050 sit,

297 1072 377 1119 sibi
397 1070 487 1134 ipse
508 1068 742 1131 praecepit.
773 1066 1164 1126 Quemadmodum
1192 1066 1267 1129 qui
1289 1067 1464 1112 iaculari
1494 1067 1578 1113 dis-

298 1145 358 1191 cit
376 1179 388 1198 ,
418 1141 676 1187 destinatum
701 1138 849 1184 locum
875 1149 1043 1198 captat,
1076 1148 1118 1181 et
1138 1153 1316 1182 manum
1337 1137 1499 1183 format
1521 1137 1578 1184 ad

299 1215 523 1279 dirigenda
542 1229 653 1276 quae
671 1210 803 1257 mittit
823 1227 833 1256 2
858 1227 958 1256 cum
976 1210 1090 1258 hanc
1106 1210 1201 1256 vim
1222 1228 1274 1257 ex
1295 1211 1516 1273 disciplina
1536 1222 1580 1258 et

298 1288 615 1337 exercitatione
635 1284 860 1347 percepit,
887 1299 1155 1346 quocunque
1173 1283 1270 1329 vult
1286 1318 1299 1339 ,
1326 1283 1396 1329 illa
1414 1283 1547 1330 utitur
1566 1300 1580 1330 :

301 1363 456 1410 didicit
474 1361 591 1407 enim
613 1376 704 1406 non
726 1359 812 1404 hoc
836 1370 911 1404 aut
936 1356 1044 1402 illud
1071 1355 1227 1414 ferire,
1257 1355 1326 1403 sed
1346 1357 1579 1420 quodcun-

300 1454 386 1501 que
407 1434 608 1483 voluerit.
629 1433 684 1479 sic
705 1433 778 1495 qui
804 1432 844 1479 se
863 1432 916 1478 ad
937 1446 1074 1479 totam
1096 1431 1230 1478 vitam
1247 1431 1468 1488 instruxit,
1489 1450 1580 1480 non

301 1510 511 1560 desiderat
542 1505 832 1570 particulatim
859 1505 1118 1559 admoneri,
1144 1505 1298 1552 doc‘tus
1327 1504 1373 1550 in
1401 1519 1545 1552 totum
1565 1523 1579 1552 ε

304 1603 395 1633 non
415 1583 648 1645 quomodo
669 1597 767 1627 cum
789 1594 929 1624 uxore
953 1591 1025 1623 aut
1049 1595 1147 1624 cum
1172 1576 1267 1622 filio
1286 1577 1481 1636 viveret,
1507 1577 1580 1624 sed

303 1658 537 1724 quomodo
556 1657 667 1702 bene
687 1654 871 1700 viveret.
886 1653 929 1697 in
949 1652 1035 1698 hoc
1056 1652 1114 1697 est
1129 1684 1142 1707 ‚
1168 1664 1210 1698 et
1229 1653 1460 1714 quomodo
1475 1669 1581 1699 cum

302 1749 443 1781 uxore
463 1747 512 1781 ac
535 1728 678 1775 liberis
704 1726 839 1773 vivat.
868 1725 1102 1770 Cleanthes
1127 1724 1277 1770 utilem
1304 1724 1480 1786 quidem
1505 1724 1579 1775 iu-

302 1808 417 1854 dicat
450 1818 494 1850 et
522 1804 633 1849 hanc
662 1814 860 1863 partem,
894 1798 967 1844 sed
998 1797 1258 1845 imbecillem
1295 1797 1372 1843 nisi
1402 1797 1456 1843 ab
1481 1799 1579 1845 uni'-

302 1879 430 1928 verso
456 1876 579 1931 fluit,
617 1873 693 1920 nisi
720 1874 894 1920 decreta
919 1871 1006 1934 ipsa
1036 1870 1337 1933 philosophiae
1366 1884 1409 1917 et
1436 1871 1580 1934 capita

303 1952 536 2017 cognovit.
567 1951 613 1994 ln
642 1948 746 1994 duas
770 1962 876 2008 ergo
907 1944 1183 2008 quaestiones
1215 1944 1337 1991 locus
1358 1944 1432 1991 iste
1461 1946 1578 1993 divi-

305 2030 434 2075 ditur.
458 2027 618 2072 Utrum
642 2020 754 2067 utilis
770 2055 783 2076 ‚
802 2037 855 2067 an
872 2018 1033 2072 inutilis
1057 2017 1105 2063 fit
1126 2036 1137 2067 ε,
1159 2030 1202 2064 et
1221 2034 1274 2063 an
1297 2016 1410 2064 solus
1428 2018 1579 2064 virum

302 2104 473 2148 bonum
504 2094 631 2159 poffit
665 2093 868 2150 efficere,
902 2091 948 2137 id
982 2089 1043 2138 est
1063 2125 1077 2147 ‚
1113 2101 1257 2136 utrum
1284 2089 1580 2152 supervacuus

301 2174 374 2230 fit,
406 2188 458 2217 an
484 2183 638 2216 omnes
664 2164 790 2213 faciat
819 2164 1131 2224 supervacuoS.
1161 2162 1254 2222 Qui
1277 2163 1391 2209 hanc
1411 2175 1580 2225 partem

301 2245 445 2295 videri
465 2243 624 2290 volunt
645 2240 956 2302 supervacuam
972 2273 985 2294 ,
1006 2237 1091 2283 hoc
1112 2235 1257 2281 aiunt:
1278 2235 1320 2281 Si
1341 2236 1447 2298 quid
1467 2253 1578 2283 ocu-

298 2319 351 2369 lis
373 2315 627 2380 oppositum
642 2326 840 2359 moratur
858 2312 996 2358 aciem
1016 2347 1028 2368 ‚
1048 2311 1372 2358 removendum
1391 2310 1452 2357 est
1471 2329 1480 2356 :
1499 2311 1579 2356 illo

300 2391 482 2455 quidem
499 2404 587 2434 non
605 2386 773 2432 abiecto
794 2400 975 2447 operam
997 2384 1209 2446 perdidit,
1232 2383 1307 2445 qui
1328 2382 1577 2445 praecepit}

302 2462 372 2514 Sic
397 2461 661 2522 ambulabis,
688 2459 766 2508 ilio
785 2475 960 2507 manum
981 2458 1189 2525 porriges.
1215 2457 1385 2505 Eodem
1411 2456 1579 2516 modo,
