1797 2956
304 179 393 218 218
547 174 595 220 L.
642 173 939 218 ΑΝΝΑΕΙ
991 172 1346 218 SENECAE

299 276 635 339 circumspicere
660 291 702 323 et
727 294 883 324 errare.
908 280 971 325 Ut
998 279 1188 326 animum
1219 279 1349 343 pollis
1375 278 1577 327 contine-

299 367 369 409 re,
386 349 504 413 prius
522 349 722 412 corporis
739 349 800 396 tui
820 350 967 414 fugam
989 349 1092 398 siste.
1111 352 1314 409 Deinde,
1339 352 1578 415 plurimum

299 422 492 469 remedia
526 421 780 470 continuata
815 423 1066 487 proficiunt.
1098 425 1454 488 interrumpe-:ida
1485 442 1579 473 non

298 493 360 540 est
393 494 519 557 quies
541 529 555 552 ,
590 509 632 542 et
658 495 772 543 vitae
804 496 964 558 prioris
1000 497 1188 545 oblivio.
1222 497 1320 544 Sine
1357 497 1579 546 dediscere

297 566 455 612 oculos
482 578 610 613 tuos:
631 567 717 614 s1ne
743 584 865 614 aures
895 569 1126 616 assuescere
1156 570 1396 617 sanioribus
1420 570 1582 618 verbis.

298 637 472 700 quoties
499 640 780 699 processeris,
812 639 855 686 in
882 640 976 702 ipso
1001 640 1178 688 transitu
1199 641 1342 705 aliqua
1366 658 1478 705 quae
1507 657 1578 687 re-

298 725 469 757 novent
491 711 747 773 cupiditates
767 728 858 760 tuas
874 750 887 772 ,
912 713 991 760 tibi
1013 726 1257 760 occurrent.
1277 714 1583 774 Quemadmo-

297 784 401 829 dum
423 785 487 838 ei,
518 786 591 847 qui
621 801 816 832 amorem
847 803 1028 834 exurere
1061 798 1271 843 conatur,
1299 785 1500 832 evitanda
1519 784 1580 831 est

297 857 443 904 omnis
469 859 718 906 admonitio
751 860 893 907 dileffi
925 859 1161 924 corporis:
1192 860 1300 906 nibil
1325 859 1441 907 enim
1469 858 1580 906 faci-

297 927 380 974 lius
402 947 532 992 quam
565 946 691 976 amor
721 931 1016 979 recrudescit:
1047 931 1104 977 ita
1133 930 1211 995 qui
1241 931 1462 995 deporegje
1488 930 1583 976 vult

297 1000 505 1048 desideria
525 1020 670 1049 rerum
699 1003 898 1050 omnium
917 1037 932 1060 ‚
956 1019 1142 1067 quarum
1173 1003 1406 1066 cupiditate
1423 1001 1584 1066 flagra-

297 1075 364 1122 vit
378 1110 392 1132 ,
421 1087 463 1122 et
483 1076 638 1122 oculos
656 1089 699 1122 et
726 1093 850 1123 aures
870 1077 923 1122 ab
949 1077 1016 1122 his
1035 1093 1144 1140 quae
1165 1075 1368 1139 reliquit,
1398 1085 1583 1122 avertat.

296 1147 404 1193 Cito
432 1148 612 1193 rebellat
644 1148 834 1195 affectus.
870 1165 1139 1212 quocunque
1173 1148 1214 1194 se
1246 1146 1451 1203 verterit,
1481 1163 1582 1208 pre-

294 1217 407 1265 tium
441 1219 620 1281 aliquod
657 1221 856 1282 praesens
896 1220 1202 1283 occupationis
1232 1220 1329 1266 suae
1361 1219 1583 1281 adspiciet.

294 1290 476 1337 Nullum
503 1290 592 1337 sine
617 1293 951 1340 auctoramento
974 1293 1138 1338 malum
1167 1291 1242 1339 est.
1275 1291 1469 1338 Avaritia
1499 1307 1582 1352 pe-

295 1361 472 1408 cuniam
502 1363 724 1424 promittit
745 1381 755 1410 :
773 1363 945 1410 luxuria
972 1364 1126 1410 multas
1143 1379 1193 1410 ac
1213 1362 1352 1412 varias
1373 1363 1580 1424 volupta-

291 1445 356 1481 tes
378 1452 389 1480 :
423 1434 607 1481 ambitio
636 1452 874 1497 purpuram
901 1450 945 1483 et
973 1436 1169 1499 plausum
1186 1471 1200 1494 ,
1233 1446 1276 1483 et
1300 1450 1355 1482 ex
1385 1434 1474 1481 hoc
1496 1449 1581 1497 po-

290 1509 471 1556 tentiam
488 1545 501 1568 ‚
521 1521 564 1556 et
579 1510 795 1574 quidquid
821 1509 1017 1574 potentia
1040 1508 1196 1572 potest.
1218 1508 1423 1556 Mercede
1442 1521 1486 1554 te
1506 1506 1580 1553 vi·-

291 1582 350 1629 tia
369 1582 612 1631 solicitant:
636 1583 707 1631 hic
734 1585 813 1631 tibi
836 1585 970 1648 gratis
999 1584 1242 1632 vivendum
1264 1581 1336 1629 est.
1363 1580 1451 1628 Vix
1467 1578 1582 1626 effici

293 1666 394 1701 toto
423 1655 570 1703 seculo
599 1656 773 1719 potest,
811 1669 858 1703 ut
885 1657 993 1704 vitia
1021 1670 1108 1703 tam
1148 1657 1278 1718 longa
1304 1653 1477 1700 licentia
1513 1663 1583 1699 tu-

294 1729 415 1776 mida
437 1730 688 1793 subigantur
702 1766 715 1789 ‚
739 1745 782 1778 et
801 1731 948 1795 iugum
968 1730 1183 1793 accipiant
1204 1748 1214 1775 ε
1235 1729 1394 1775 nedum
1411 1763 1424 1786 ,
1445 1726 1473 1772 si
1493 1738 1581 1773 tam

294 1802 433 1849 breve
461 1818 633 1865 tempus
664 1803 899 1851 intervallo
937 1802 1233 1850 discindimus.
1276 1804 1583 1863 Unamquam-

294 1875 398 1921 libet
427 1892 520 1922 rem
561 1874 638 1923 vix
671 1876 724 1921 ad
759 1876 1006 1939 perfectum
1038 1874 1213 1921 adducit
1240 1873 1401 1919 affidua
1431 1872 1581 1936 vigilia

293 1962 337 1996 et
361 1949 562 2009 intentio,
591 1949 634 1996 Si
665 1966 735 1996 me
764 1949 943 2014 quidem
969 1950 1075 1998 velis
1105 1949 1284 2007 audire,
1320 1949 1408 1994 hoc
1437 1947 1581 2005 medi-

295 2034 401 2070 tare.
439 2040 596 2072 exerce
614 2038 658 2071 te
677 2059 689 2082 ,
710 2036 755 2071 ut
786 2038 979 2071 mortem
998 2037 1042 2071 et
1060 2024 1275 2086 excipias,
1308 2034 1351 2068 et
1380 2021 1410 2067 fi
1429 2022 1488 2068 ita
1514 2036 1581 2068 res

294 2094 514 2155 suadebit,
542 2097 736 2145 arcessas.
766 2097 942 2144 interest
965 2097 1099 2153 nihil,
1130 2115 1183 2144 an
1211 2097 1284 2144 illa
1315 2096 1367 2142 ad
1390 2111 1472 2143 nos
1500 2113 1582 2143 ve-

294 2168 411 2227 niat,
443 2186 498 2216 an
526 2171 580 2217 ad
609 2170 724 2216 illam
763 2187 859 2217 nos.
892 2171 1000 2217 Illud
1034 2169 1339 2233 imperitiffimi
1370 2168 1579 2231 cuiusque

295 2244 485 2291 verbum
499 2280 513 2304 ,
542 2243 693 2292 falsum
715 2245 798 2291 esse
817 2245 903 2308 ipse
925 2243 1003 2291 tibi
1020 2244 1229 2308 persuade
1247 2260 1259 2290 ε
1278 2242 1393 2289 Bella
1409 2257 1478 2289 res
1496 2239 1576 2297 est,

296 2315 413 2362 mori
433 2317 503 2364 sua
523 2330 681 2365 morte.
715 2318 823 2364 Illud
843 2328 1061 2380 praeterea
1090 2328 1238 2363 tecum
1262 2315 1364 2363 licet
1382 2314 1544 2378 cogites
1565 2330 1578 2360 ε

297 2389 448 2437 Nemo
472 2391 548 2437 nisi
567 2391 644 2438 suo
670 2391 739 2439 die
758 2391 959 2438 moritur.
980 2391 1100 2438 Nihil
1121 2392 1266 2454 perdis
1293 2408 1346 2439 ex
1366 2403 1443 2438 tuo
1463 2402 1576 2438 tem-

293 2478 422 2526 pore.
448 2481 547 2512 nam
572 2467 696 2530 quod
721 2465 953 2530 relinquis,
985 2465 1172 2512 alienum
1195 2465 1271 2514 est.
