<?xml version="1.0" encoding="UTF-8"?>
<!DOCTYPE html PUBLIC "-//W3C//DTD XHTML 1.0 Transitional//EN"
    "http://www.w3.org/TR/xhtml1/DTD/xhtml1-transitional.dtd">
<html xmlns="http://www.w3.org/1999/xhtml" xml:lang="en" lang="en">
 <head>
  <title>
</title>
<meta http-equiv="Content-Type" content="text/html;charset=utf-8" />
  <meta name='ocr-system' content='tesseract 3.04.00' />
  <meta name='ocr-capabilities' content='ocr_page ocr_carea ocr_par ocr_line ocrx_word'/>
</head>
<body>
  <div class='ocr_page' id='page_1' title='image "./lannaeisenecaeph03seneuoft_0382.png"; bbox 0 0 1797 2956; ppageno 0'>
   <div class='ocr_carea' id='block_1_1' title="bbox 296 191 1348 256">
    <p class='ocr_par' dir='ltr' id='par_1_1' title="bbox 296 191 1348 256">
     <span class='ocr_line' id='line_1_1' title="bbox 296 191 1348 256; baseline -0.018 0"><span class='ocrx_word' id='word_1_1' title='bbox 296 209 389 256; x_wconf 70' lang='lat'>352-1-</span> <span class='ocrx_word' id='word_1_2' title='bbox 522 193 568 238; x_wconf 81' lang='lat' dir='ltr'>L.</span> <span class='ocrx_word' id='word_1_3' title='bbox 620 192 929 237; x_wconf 75' lang='lat' dir='ltr'><strong>ANNAEI</strong></span> <span class='ocrx_word' id='word_1_4' title='bbox 981 191 1348 237; x_wconf 80' lang='lat' dir='ltr'><strong>SENECAE</strong></span> 
     </span>
    </p>
   </div>
   <div class='ocr_carea' id='block_1_2' title="bbox 272 297 1609 2541">
    <p class='ocr_par' dir='ltr' id='par_1_2' title="bbox 272 297 1609 2541">
     <span class='ocr_line' id='line_1_2' title="bbox 292 297 1575 363; baseline -0.002 -15"><span class='ocrx_word' id='word_1_5' title='bbox 292 314 369 348; x_wconf 77' lang='lat' dir='ltr'>rat.</span> <span class='ocrx_word' id='word_1_6' title='bbox 403 300 634 363; x_wconf 79' lang='lat' dir='ltr'>Quidquid</span> <span class='ocrx_word' id='word_1_7' title='bbox 657 301 784 362; x_wconf 79' lang='lat' dir='ltr'>longa</span> <span class='ocrx_word' id='word_1_8' title='bbox 812 298 961 355; x_wconf 85' lang='lat' dir='ltr'>series,</span> <span class='ocrx_word' id='word_1_9' title='bbox 989 298 1135 345; x_wconf 88' lang='lat' dir='ltr'>multis</span> <span class='ocrx_word' id='word_1_10' title='bbox 1161 297 1410 355; x_wconf 75' lang='lat' dir='ltr'>laboribus,¹</span> <span class='ocrx_word' id='word_1_11' title='bbox 1438 297 1575 345; x_wconf 74' lang='lat' dir='ltr'>muita</span> 
     </span>
     <span class='ocr_line' id='line_1_3' title="bbox 294 371 1573 438; baseline -0.002 -18"><span class='ocrx_word' id='word_1_12' title='bbox 294 377 446 438; x_wconf 77' lang='lat' dir='ltr'>Deum</span> <span class='ocrx_word' id='word_1_13' title='bbox 478 372 746 437; x_wconf 67' lang='lat' dir='ltr'>indulgentia</span> <span class='ocrx_word' id='word_1_14' title='bbox 779 372 958 429; x_wconf 80' lang='lat' dir='ltr'>struxit,</span> <span class='ocrx_word' id='word_1_15' title='bbox 989 372 1035 418; x_wconf 90' lang='lat' dir='ltr'>id</span> <span class='ocrx_word' id='word_1_16' title='bbox 1065 388 1175 418; x_wconf 88' lang='lat' dir='ltr'>unus</span> <span class='ocrx_word' id='word_1_17' title='bbox 1213 371 1301 418; x_wconf 87' lang='lat' dir='ltr'>dies</span> <span class='ocrx_word' id='word_1_18' title='bbox 1330 371 1491 434; x_wconf 82' lang='lat' dir='ltr'>spargit</span> <span class='ocrx_word' id='word_1_19' title='bbox 1522 387 1573 418; x_wconf 90' lang='lat' dir='ltr'>ac</span> 
     </span>
     <span class='ocr_line' id='line_1_4' title="bbox 292 444 1571 510; baseline -0.003 -16"><span class='ocrx_word' id='word_1_20' title='bbox 292 448 477 510; x_wconf 79' lang='lat' dir='ltr'>diffipat.</span> <span class='ocrx_word' id='word_1_21' title='bbox 510 450 705 509; x_wconf 83' lang='lat' dir='ltr'>Longam</span> <span class='ocrx_word' id='word_1_22' title='bbox 724 461 896 491; x_wconf 87' lang='lat' dir='ltr'>moram</span> <span class='ocrx_word' id='word_1_23' title='bbox 920 444 1038 490; x_wconf 87' lang='lat' dir='ltr'><strong>dedit</strong></span> <span class='ocrx_word' id='word_1_24' title='bbox 1065 444 1186 490; x_wconf 87' lang='lat' dir='ltr'>malis</span> <span class='ocrx_word' id='word_1_25' title='bbox 1206 444 1541 507; x_wconf 84' lang='lat' dir='ltr'>properantibus</span> <span class='ocrx_word' id='word_1_26' title='bbox 1557 478 1571 500; x_wconf 84' lang='lat'><strong><em>‚</em></strong></span> 
     </span>
     <span class='ocr_line' id='line_1_5' title="bbox 291 518 1573 584; baseline -0.002 -18"><span class='ocrx_word' id='word_1_27' title='bbox 291 522 367 584; x_wconf 89' lang='lat' dir='ltr'>qui</span> <span class='ocrx_word' id='word_1_28' title='bbox 405 521 519 566; x_wconf 89' lang='lat' dir='ltr'>diem</span> <span class='ocrx_word' id='word_1_29' title='bbox 559 521 700 576; x_wconf 79' lang='lat' dir='ltr'>dixit3</span> <span class='ocrx_word' id='word_1_30' title='bbox 749 519 855 565; x_wconf 77' lang='lat' dir='ltr'>hora</span> <span class='ocrx_word' id='word_1_31' title='bbox 878 555 889 574; x_wconf 91' lang='lat'><em>‚</em></span> <span class='ocrx_word' id='word_1_32' title='bbox 926 533 1294 581; x_wconf 75' lang='lat' dir='ltr'>momentumque</span> <span class='ocrx_word' id='word_1_33' title='bbox 1333 518 1573 580; x_wconf 82' lang='lat' dir='ltr'>temporis,</span> 
     </span>
     <span class='ocr_line' id='line_1_6' title="bbox 291 590 1574 653; baseline -0.003 -14"><span class='ocrx_word' id='word_1_34' title='bbox 291 593 541 639; x_wconf 70' lang='lat' dir='ltr'><strong>evertendis</strong></span> <span class='ocrx_word' id='word_1_35' title='bbox 568 591 761 651; x_wconf 76' lang='lat' dir='ltr'>imperiis</span> <span class='ocrx_word' id='word_1_36' title='bbox 783 591 1003 639; x_wconf 87' lang='lat' dir='ltr'>suffecere.</span> <span class='ocrx_word' id='word_1_37' title='bbox 1033 591 1147 637; x_wconf 78' lang='lat' dir='ltr'>Esset</span> <span class='ocrx_word' id='word_1_38' title='bbox 1175 591 1351 653; x_wconf 79' lang='lat' dir='ltr'><strong>aliquod</strong></span> <span class='ocrx_word' id='word_1_39' title='bbox 1376 590 1574 636; x_wconf 86' lang='lat' dir='ltr'>imbecil-</span> 
     </span>
     <span class='ocr_line' id='line_1_7' title="bbox 290 663 1572 725; baseline -0.001 -16"><span class='ocrx_word' id='word_1_40' title='bbox 290 665 418 710; x_wconf 76' lang='lat' dir='ltr'><strong>litatis</strong></span> <span class='ocrx_word' id='word_1_41' title='bbox 441 663 608 710; x_wconf 81' lang='lat' dir='ltr'>nostrae</span> <span class='ocrx_word' id='word_1_42' title='bbox 631 664 854 721; x_wconf 60' lang='lat' dir='ltr'>solatium,</span> <span class='ocrx_word' id='word_1_43' title='bbox 891 679 1125 725; x_wconf 80' lang='lat' dir='ltr'>rerumque</span> <span class='ocrx_word' id='word_1_44' title='bbox 1150 663 1418 720; x_wconf 83' lang='lat' dir='ltr'>nostrarum,</span> <span class='ocrx_word' id='word_1_45' title='bbox 1437 663 1466 708; x_wconf 84' lang='lat' dir='ltr'><strong>fi</strong></span> <span class='ocrx_word' id='word_1_46' title='bbox 1486 675 1572 709; x_wconf 88' lang='lat' dir='ltr'>tam</span> 
     </span>
     <span class='ocr_line' id='line_1_8' title="bbox 293 735 1573 802; baseline -0.002 -18"><span class='ocrx_word' id='word_1_47' title='bbox 293 739 414 785; x_wconf 79' lang='lat' dir='ltr'>tarde</span> <span class='ocrx_word' id='word_1_48' title='bbox 442 738 635 802; x_wconf 84' lang='lat' dir='ltr'>perirent</span> <span class='ocrx_word' id='word_1_49' title='bbox 656 738 837 793; x_wconf 57' lang='lat' dir='ltr'>cunita,</span> <span class='ocrx_word' id='word_1_50' title='bbox 856 755 987 800; x_wconf 84' lang='lat' dir='ltr'>quam</span> <span class='ocrx_word' id='word_1_51' title='bbox 1007 735 1142 782; x_wconf 88' lang='lat' dir='ltr'>fiunt:</span> <span class='ocrx_word' id='word_1_52' title='bbox 1170 753 1285 782; x_wconf 89' lang='lat' dir='ltr'>nunc</span> <span class='ocrx_word' id='word_1_53' title='bbox 1304 736 1573 783; x_wconf 81' lang='lat' dir='ltr'>incrementa</span> 
     </span>
     <span class='ocr_line' id='line_1_9' title="bbox 290 808 1574 870; baseline -0.003 -13"><span class='ocrx_word' id='word_1_54' title='bbox 290 811 407 858; x_wconf 81' lang='lat' dir='ltr'>lente</span> <span class='ocrx_word' id='word_1_55' title='bbox 428 824 608 865; x_wconf 83' lang='lat' dir='ltr'>exeunt,</span> <span class='ocrx_word' id='word_1_56' title='bbox 631 809 854 856; x_wconf 82' lang='lat' dir='ltr'>festinatur</span> <span class='ocrx_word' id='word_1_57' title='bbox 872 810 916 854; x_wconf 86' lang='lat' dir='ltr'>in</span> <span class='ocrx_word' id='word_1_58' title='bbox 945 809 1165 857; x_wconf 78' lang='lat' dir='ltr'>damnum,</span> <span class='ocrx_word' id='word_1_59' title='bbox 1194 808 1315 854; x_wconf 82' lang='lat' dir='ltr'>Nihil</span> <span class='ocrx_word' id='word_1_60' title='bbox 1336 808 1574 870; x_wconf 87' lang='lat' dir='ltr'>privatim,</span> 
     </span>
     <span class='ocr_line' id='line_1_10' title="bbox 291 880 1572 946; baseline -0.003 -18"><span class='ocrx_word' id='word_1_61' title='bbox 291 883 399 929; x_wconf 75' lang='lat' dir='ltr'>nihil</span> <span class='ocrx_word' id='word_1_62' title='bbox 430 883 599 946; x_wconf 77' lang='lat' dir='ltr'>publice</span> <span class='ocrx_word' id='word_1_63' title='bbox 629 881 775 928; x_wconf 80' lang='lat' dir='ltr'>stabile</span> <span class='ocrx_word' id='word_1_64' title='bbox 808 880 900 927; x_wconf 86' lang='lat' dir='ltr'>est:</span> <span class='ocrx_word' id='word_1_65' title='bbox 931 893 1017 926; x_wconf 84' lang='lat' dir='ltr'>tam</span> <span class='ocrx_word' id='word_1_66' title='bbox 1046 880 1306 935; x_wconf 87' lang='lat' dir='ltr'>hominum,</span> <span class='ocrx_word' id='word_1_67' title='bbox 1335 896 1467 943; x_wconf 88' lang='lat' dir='ltr'>quam</span> <span class='ocrx_word' id='word_1_68' title='bbox 1495 897 1572 925; x_wconf 86' lang='lat' dir='ltr'>ur·</span> 
     </span>
     <span class='ocr_line' id='line_1_11' title="bbox 291 950 1574 1014; baseline -0.003 -14"><span class='ocrx_word' id='word_1_69' title='bbox 291 954 441 1012; x_wconf 60' lang='lat' dir='ltr'>bium,</span> <span class='ocrx_word' id='word_1_70' title='bbox 473 954 554 999; x_wconf 69' lang='lat' dir='ltr'>fata</span> <span class='ocrx_word' id='word_1_71' title='bbox 586 954 845 1000; x_wconf 79' lang='lat' dir='ltr'>volvuntur.</span> <span class='ocrx_word' id='word_1_72' title='bbox 878 956 993 997; x_wconf 77' lang='lat' dir='ltr'>Inter</span> <span class='ocrx_word' id='word_1_73' title='bbox 1012 950 1295 1014; x_wconf 83' lang='lat' dir='ltr'>placidiffima</span> <span class='ocrx_word' id='word_1_74' title='bbox 1320 963 1462 998; x_wconf 85' lang='lat' dir='ltr'>terror</span> <span class='ocrx_word' id='word_1_75' title='bbox 1497 967 1574 996; x_wconf 83' lang='lat' dir='ltr'>ex-</span> 
     </span>
     <span class='ocr_line' id='line_1_12' title="bbox 291 1022 1572 1089; baseline -0.004 -16"><span class='ocrx_word' id='word_1_76' title='bbox 291 1027 423 1083; x_wconf 77' lang='lat' dir='ltr'>sistit,</span> <span class='ocrx_word' id='word_1_77' title='bbox 457 1027 652 1089; x_wconf 71' lang='lat' dir='ltr'>nihilque</span> <span class='ocrx_word' id='word_1_78' title='bbox 685 1041 804 1072; x_wconf 73' lang='lat' dir='ltr'>extra</span> <span class='ocrx_word' id='word_1_79' title='bbox 834 1024 1196 1071; x_wconf 80' lang='lat' dir='ltr'>tumultuantibus</span> <span class='ocrx_word' id='word_1_80' title='bbox 1225 1023 1387 1077; x_wconf 76' lang='lat' dir='ltr'>causis,</span> <span class='ocrx_word' id='word_1_81' title='bbox 1423 1022 1537 1070; x_wconf 77' lang='lat' dir='ltr'>mala</span> <span class='ocrx_word' id='word_1_82' title='bbox 1558 1059 1572 1080; x_wconf 94' lang='lat'>,</span> 
     </span>
     <span class='ocr_line' id='line_1_13' title="bbox 292 1097 1571 1161; baseline -0.002 -16"><span class='ocrx_word' id='word_1_83' title='bbox 292 1101 409 1145; x_wconf 86' lang='lat' dir='ltr'>unde</span> <span class='ocrx_word' id='word_1_84' title='bbox 437 1099 618 1145; x_wconf 87' lang='lat' dir='ltr'>minime</span> <span class='ocrx_word' id='word_1_85' title='bbox 643 1099 994 1161; x_wconf 70' lang='lat' dir='ltr'>exspeEtabantur</span> <span class='ocrx_word' id='word_1_86' title='bbox 1010 1134 1022 1155; x_wconf 91' lang='lat'>,</span> <span class='ocrx_word' id='word_1_87' title='bbox 1056 1110 1307 1158; x_wconf 83' lang='lat' dir='ltr'>erumpunt.</span> <span class='ocrx_word' id='word_1_88' title='bbox 1339 1099 1467 1157; x_wconf 83' lang='lat' dir='ltr'>Quae</span> <span class='ocrx_word' id='word_1_89' title='bbox 1490 1097 1571 1143; x_wconf 92' lang='lat' dir='ltr'>do-</span> 
     </span>
     <span class='ocr_line' id='line_1_14' title="bbox 293 1170 1573 1234; baseline -0.001 -17"><span class='ocrx_word' id='word_1_90' title='bbox 293 1171 483 1218; x_wconf 76' lang='lat' dir='ltr'>mesticis</span> <span class='ocrx_word' id='word_1_91' title='bbox 499 1171 620 1218; x_wconf 76' lang='lat' dir='ltr'>hellis</span> <span class='ocrx_word' id='word_1_92' title='bbox 634 1172 834 1218; x_wconf 86' lang='lat' dir='ltr'>steterant</span> <span class='ocrx_word' id='word_1_93' title='bbox 854 1188 983 1233; x_wconf 81' lang='lat' dir='ltr'>regna</span> <span class='ocrx_word' id='word_1_94' title='bbox 1000 1206 1012 1227; x_wconf 88' lang='lat'>‚</span> <span class='ocrx_word' id='word_1_95' title='bbox 1042 1188 1153 1234; x_wconf 85' lang='lat' dir='ltr'>quae</span> <span class='ocrx_word' id='word_1_96' title='bbox 1176 1173 1362 1218; x_wconf 80' lang='lat' dir='ltr'>externis</span> <span class='ocrx_word' id='word_1_97' title='bbox 1378 1207 1390 1227; x_wconf 89' lang='lat'>‚</span> <span class='ocrx_word' id='word_1_98' title='bbox 1418 1170 1573 1232; x_wconf 83' lang='lat' dir='ltr'>impel-</span> 
     </span>
     <span class='ocr_line' id='line_1_15' title="bbox 292 1243 1572 1305; baseline -0.001 -15"><span class='ocrx_word' id='word_1_99' title='bbox 292 1244 410 1290; x_wconf 84' lang='lat' dir='ltr'>lente</span> <span class='ocrx_word' id='word_1_100' title='bbox 440 1245 562 1290; x_wconf 83' lang='lat' dir='ltr'>nullo</span> <span class='ocrx_word' id='word_1_101' title='bbox 593 1257 740 1292; x_wconf 84' lang='lat' dir='ltr'>ruunt.</span> <span class='ocrx_word' id='word_1_102' title='bbox 773 1247 924 1304; x_wconf 84' lang='lat' dir='ltr'>Quota</span> <span class='ocrx_word' id='word_1_103' title='bbox 951 1260 1150 1305; x_wconf 83' lang='lat' dir='ltr'>quaeque</span> <span class='ocrx_word' id='word_1_104' title='bbox 1178 1243 1426 1290; x_wconf 75' lang='lat' dir='ltr'>felicitatem</span> <span class='ocrx_word' id='word_1_105' title='bbox 1460 1244 1572 1290; x_wconf 87' lang='lat' dir='ltr'>civi-</span> 
     </span>
     <span class='ocr_line' id='line_1_16' title="bbox 291 1315 1574 1381; baseline -0.001 -17"><span class='ocrx_word' id='word_1_106' title='bbox 291 1329 354 1364; x_wconf 75' lang='lat' dir='ltr'>tas</span> <span class='ocrx_word' id='word_1_107' title='bbox 381 1318 584 1380; x_wconf 75' lang='lat' dir='ltr'>pertulit?</span> <span class='ocrx_word' id='word_1_108' title='bbox 616 1317 863 1381; x_wconf 81' lang='lat' dir='ltr'>Cogitanda</span> <span class='ocrx_word' id='word_1_109' title='bbox 884 1332 991 1378; x_wconf 84' lang='lat' dir='ltr'>ergo</span> <span class='ocrx_word' id='word_1_110' title='bbox 1016 1315 1111 1362; x_wconf 81' lang='lat' dir='ltr'>sunt</span> <span class='ocrx_word' id='word_1_111' title='bbox 1134 1317 1309 1373; x_wconf 78' lang='lat' dir='ltr'>omnia,</span> <span class='ocrx_word' id='word_1_112' title='bbox 1332 1331 1374 1362; x_wconf 91' lang='lat' dir='ltr'>et</span> <span class='ocrx_word' id='word_1_113' title='bbox 1401 1317 1574 1364; x_wconf 88' lang='lat' dir='ltr'>animus</span> 
     </span>
     <span class='ocr_line' id='line_1_17' title="bbox 292 1386 1573 1452; baseline -0.002 -18"><span class='ocrx_word' id='word_1_114' title='bbox 292 1389 500 1435; x_wconf 82' lang='lat' dir='ltr'>adversus</span> <span class='ocrx_word' id='word_1_115' title='bbox 518 1406 565 1435; x_wconf 80' lang='lat' dir='ltr'>ea</span> <span class='ocrx_word' id='word_1_116' title='bbox 581 1406 695 1452; x_wconf 79' lang='lat' dir='ltr'>quae</span> <span class='ocrx_word' id='word_1_117' title='bbox 712 1388 884 1450; x_wconf 82' lang='lat' dir='ltr'>poffimt</span> <span class='ocrx_word' id='word_1_118' title='bbox 902 1387 1081 1434; x_wconf 81' lang='lat' dir='ltr'>evenire</span> <span class='ocrx_word' id='word_1_119' title='bbox 1094 1386 1374 1444; x_wconf 55' lang='lat' dir='ltr'>‚firmandus</span> <span class='ocrx_word' id='word_1_120' title='bbox 1399 1386 1573 1445; x_wconf 66' lang='lat' dir='ltr'>Exsflia,</span> 
     </span>
     <span class='ocr_line' id='line_1_18' title="bbox 291 1460 1570 1524; baseline 0.001 -18"><span class='ocrx_word' id='word_1_121' title='bbox 291 1474 509 1507; x_wconf 69' lang='lat' dir='ltr'>tormenta</span> <span class='ocrx_word' id='word_1_122' title='bbox 523 1496 535 1518; x_wconf 81' lang='lat'><strong>‚</strong></span> <span class='ocrx_word' id='word_1_123' title='bbox 558 1462 665 1507; x_wconf 71' lang='lat' dir='ltr'>bella</span> <span class='ocrx_word' id='word_1_124' title='bbox 681 1498 694 1519; x_wconf 87' lang='lat'>,</span> <span class='ocrx_word' id='word_1_125' title='bbox 712 1461 895 1507; x_wconf 81' lang='lat' dir='ltr'>morbos</span> <span class='ocrx_word' id='word_1_126' title='bbox 910 1493 924 1515; x_wconf 89' lang='lat'><strong>‚</strong></span> <span class='ocrx_word' id='word_1_127' title='bbox 947 1460 1168 1524; x_wconf 79' lang='lat' dir='ltr'>naufragia</span> <span class='ocrx_word' id='word_1_128' title='bbox 1186 1461 1408 1508; x_wconf 81' lang='lat' dir='ltr'>meditare.</span> <span class='ocrx_word' id='word_1_129' title='bbox 1429 1460 1570 1523; x_wconf 87' lang='lat' dir='ltr'>potest</span> 
     </span>
     <span class='ocr_line' id='line_1_19' title="bbox 290 1532 1571 1596; baseline 0.001 -18"><span class='ocrx_word' id='word_1_130' title='bbox 290 1545 335 1578; x_wconf 82' lang='lat' dir='ltr'>te</span> <span class='ocrx_word' id='word_1_131' title='bbox 361 1534 544 1593; x_wconf 81' lang='lat' dir='ltr'>patriae,</span> <span class='ocrx_word' id='word_1_132' title='bbox 574 1533 716 1595; x_wconf 66' lang='lat' dir='ltr'>potest</span> <span class='ocrx_word' id='word_1_133' title='bbox 745 1533 926 1595; x_wconf 81' lang='lat' dir='ltr'>patriam</span> <span class='ocrx_word' id='word_1_134' title='bbox 951 1532 1028 1578; x_wconf 85' lang='lat' dir='ltr'>tibi</span> <span class='ocrx_word' id='word_1_135' title='bbox 1056 1532 1176 1579; x_wconf 85' lang='lat' dir='ltr'>casus</span> <span class='ocrx_word' id='word_1_136' title='bbox 1205 1532 1395 1594; x_wconf 78' lang='lat' dir='ltr'>eripere:</span> <span class='ocrx_word' id='word_1_137' title='bbox 1431 1533 1571 1596; x_wconf 85' lang='lat' dir='ltr'>pot-est</span> 
     </span>
     <span class='ocr_line' id='line_1_20' title="bbox 289 1605 1569 1668; baseline 0.001 -17"><span class='ocrx_word' id='word_1_138' title='bbox 289 1616 334 1651; x_wconf 81' lang='lat' dir='ltr'>te</span> <span class='ocrx_word' id='word_1_139' title='bbox 355 1605 398 1650; x_wconf 84' lang='lat' dir='ltr'>in</span> <span class='ocrx_word' id='word_1_140' title='bbox 423 1605 699 1652; x_wconf 82' lang='lat' dir='ltr'>solitudinem</span> <span class='ocrx_word' id='word_1_141' title='bbox 723 1605 909 1653; x_wconf 76' lang='lat' dir='ltr'>abiicere</span> <span class='ocrx_word' id='word_1_142' title='bbox 925 1639 939 1660; x_wconf 91' lang='lat'>‚</span> <span class='ocrx_word' id='word_1_143' title='bbox 967 1605 1109 1668; x_wconf 81' lang='lat' dir='ltr'>potest</span> <span class='ocrx_word' id='word_1_144' title='bbox 1127 1606 1214 1652; x_wconf 83' lang='lat' dir='ltr'>hoe</span> <span class='ocrx_word' id='word_1_145' title='bbox 1237 1607 1376 1668; x_wconf 80' lang='lat' dir='ltr'>ipsum</span> <span class='ocrx_word' id='word_1_146' title='bbox 1402 1607 1447 1651; x_wconf 90' lang='lat' dir='ltr'>in</span> <span class='ocrx_word' id='word_1_147' title='bbox 1477 1622 1569 1668; x_wconf 87' lang='lat' dir='ltr'>quo</span> 
     </span>
     <span class='ocr_line' id='line_1_21' title="bbox 290 1676 1572 1734; baseline 0.001 -12"><span class='ocrx_word' id='word_1_148' title='bbox 290 1677 418 1722; x_wconf 70' lang='lat' dir='ltr'>turba</span> <span class='ocrx_word' id='word_1_149' title='bbox 438 1676 695 1734; x_wconf 83' lang='lat' dir='ltr'>suffocatur,</span> <span class='ocrx_word' id='word_1_150' title='bbox 715 1677 807 1722; x_wconf 83' lang='lat' dir='ltr'>fieri</span> <span class='ocrx_word' id='word_1_151' title='bbox 826 1678 1034 1724; x_wconf 85' lang='lat' dir='ltr'>solitudo.</span> <span class='ocrx_word' id='word_1_152' title='bbox 1053 1678 1171 1722; x_wconf 88' lang='lat' dir='ltr'>Tota</span> <span class='ocrx_word' id='word_1_153' title='bbox 1189 1691 1288 1724; x_wconf 85' lang='lat' dir='ltr'>ante</span> <span class='ocrx_word' id='word_1_154' title='bbox 1307 1677 1462 1724; x_wconf 88' lang='lat' dir='ltr'>oculos</span> <span class='ocrx_word' id='word_1_155' title='bbox 1479 1677 1572 1723; x_wconf 87' lang='lat' dir='ltr'>sor-</span> 
     </span>
     <span class='ocr_line' id='line_1_22' title="bbox 289 1747 1572 1812; baseline 0.001 -18"><span class='ocrx_word' id='word_1_156' title='bbox 289 1747 345 1794; x_wconf 85' lang='lat' dir='ltr'>tis</span> <span class='ocrx_word' id='word_1_157' title='bbox 362 1748 575 1794; x_wconf 79' lang='lat' dir='ltr'>humanae</span> <span class='ocrx_word' id='word_1_158' title='bbox 593 1749 795 1796; x_wconf 82' lang='lat' dir='ltr'>conditio</span> <span class='ocrx_word' id='word_1_159' title='bbox 814 1763 1002 1811; x_wconf 86' lang='lat' dir='ltr'>ponatur</span> <span class='ocrx_word' id='word_1_160' title='bbox 1020 1765 1029 1794; x_wconf 89' lang='lat'>:</span> <span class='ocrx_word' id='word_1_161' title='bbox 1049 1765 1130 1795; x_wconf 89' lang='lat' dir='ltr'>nec</span> <span class='ocrx_word' id='word_1_162' title='bbox 1145 1756 1354 1812; x_wconf 84' lang='lat' dir='ltr'>quantum</span> <span class='ocrx_word' id='word_1_163' title='bbox 1370 1747 1572 1812; x_wconf 86' lang='lat' dir='ltr'>frequen·</span> 
     </span>
     <span class='ocr_line' id='line_1_23' title="bbox 288 1821 1609 1884; baseline 0.001 -18"><span class='ocrx_word' id='word_1_164' title='bbox 288 1832 355 1866; x_wconf 76' lang='lat' dir='ltr'>ter</span> <span class='ocrx_word' id='word_1_165' title='bbox 385 1821 532 1868; x_wconf 85' lang='lat' dir='ltr'>evenit</span> <span class='ocrx_word' id='word_1_166' title='bbox 550 1858 563 1877; x_wconf 96' lang='lat'>‚</span> <span class='ocrx_word' id='word_1_167' title='bbox 590 1821 663 1868; x_wconf 85' lang='lat' dir='ltr'>sed</span> <span class='ocrx_word' id='word_1_168' title='bbox 693 1837 900 1880; x_wconf 64' lang='lat' dir='ltr'>quantum</span> <span class='ocrx_word' id='word_1_169' title='bbox 932 1822 1171 1882; x_wconf 77' lang='lat' dir='ltr'>plurimum</span> <span class='ocrx_word' id='word_1_170' title='bbox 1199 1822 1341 1884; x_wconf 81' lang='lat' dir='ltr'>potest</span> <span class='ocrx_word' id='word_1_171' title='bbox 1366 1822 1572 1880; x_wconf 86' lang='lat' dir='ltr'>evenire,</span> <span class='ocrx_word' id='word_1_172' title='bbox 1606 1856 1609 1859; x_wconf 54' lang='grc'><strong><em>,</em></strong></span> 
     </span>
     <span class='ocr_line' id='line_1_24' title="bbox 288 1892 1571 1956; baseline 0.004 -20"><span class='ocrx_word' id='word_1_173' title='bbox 288 1892 614 1952; x_wconf 71' lang='lat' dir='ltr'>praesumamus</span> <span class='ocrx_word' id='word_1_174' title='bbox 637 1895 817 1950; x_wconf 82' lang='lat' dir='ltr'>animO,</span> <span class='ocrx_word' id='word_1_175' title='bbox 843 1893 872 1939; x_wconf 77' lang='lat' dir='ltr'><strong>fi</strong></span> <span class='ocrx_word' id='word_1_176' title='bbox 899 1895 1101 1940; x_wconf 76' lang='lat' dir='ltr'>noiumus</span> <span class='ocrx_word' id='word_1_177' title='bbox 1133 1895 1349 1956; x_wconf 79' lang='lat' dir='ltr'>opprimi,</span> <span class='ocrx_word' id='word_1_178' title='bbox 1371 1910 1450 1940; x_wconf 86' lang='lat' dir='ltr'>nec</span> <span class='ocrx_word' id='word_1_179' title='bbox 1477 1893 1571 1941; x_wconf 76' lang='lat' dir='ltr'>uilis</span> 
     </span>
     <span class='ocr_line' id='line_1_25' title="bbox 286 1965 1570 2030; baseline 0.002 -19"><span class='ocrx_word' id='word_1_180' title='bbox 286 1965 495 2012; x_wconf 74' lang='lat' dir='ltr'>inusitatis</span> <span class='ocrx_word' id='word_1_181' title='bbox 521 1968 637 2015; x_wconf 76' lang='lat' dir='ltr'>velut</span> <span class='ocrx_word' id='word_1_182' title='bbox 656 1968 786 2013; x_wconf 86' lang='lat' dir='ltr'>novis</span> <span class='ocrx_word' id='word_1_183' title='bbox 799 1966 1092 2029; x_wconf 80' lang='lat' dir='ltr'>obstupefieri.</span> <span class='ocrx_word' id='word_1_184' title='bbox 1115 1971 1161 2014; x_wconf 83' lang='lat' dir='ltr'>ln</span> <span class='ocrx_word' id='word_1_185' title='bbox 1182 1969 1359 2030; x_wconf 79' lang='lat' dir='ltr'>pienum</span> <span class='ocrx_word' id='word_1_186' title='bbox 1378 1968 1570 2030; x_wconf 87' lang='lat' dir='ltr'>cogitan-</span> 
     </span>
     <span class='ocr_line' id='line_1_26' title="bbox 286 2037 1571 2102; baseline 0.001 -19"><span class='ocrx_word' id='word_1_187' title='bbox 286 2037 342 2084; x_wconf 82' lang='lat' dir='ltr'>da</span> <span class='ocrx_word' id='word_1_188' title='bbox 372 2039 551 2086; x_wconf 82' lang='lat' dir='ltr'>fortuna</span> <span class='ocrx_word' id='word_1_189' title='bbox 573 2039 663 2085; x_wconf 88' lang='lat' dir='ltr'>est:</span> <span class='ocrx_word' id='word_1_190' title='bbox 693 2040 882 2099; x_wconf 82' lang='lat' dir='ltr'>Quoties</span> <span class='ocrx_word' id='word_1_191' title='bbox 905 2038 1053 2095; x_wconf 70' lang='lat' dir='ltr'>Atiae,</span> <span class='ocrx_word' id='word_1_192' title='bbox 1084 2039 1259 2102; x_wconf 85' lang='lat' dir='ltr'>quoties</span> <span class='ocrx_word' id='word_1_193' title='bbox 1290 2038 1476 2085; x_wconf 85' lang='lat' dir='ltr'>Achaiae</span> <span class='ocrx_word' id='word_1_194' title='bbox 1495 2056 1571 2085; x_wconf 83' lang='lat' dir='ltr'>ur-</span> 
     </span>
     <span class='ocr_line' id='line_1_27' title="bbox 284 2110 1570 2176; baseline 0.001 -19"><span class='ocrx_word' id='word_1_195' title='bbox 284 2110 363 2157; x_wconf 83' lang='lat' dir='ltr'>bes</span> <span class='ocrx_word' id='word_1_196' title='bbox 395 2127 488 2158; x_wconf 87' lang='lat' dir='ltr'>uno</span> <span class='ocrx_word' id='word_1_197' title='bbox 521 2123 715 2159; x_wconf 85' lang='lat' dir='ltr'>tremore</span> <span class='ocrx_word' id='word_1_198' title='bbox 746 2111 1035 2158; x_wconf 82' lang='lat' dir='ltr'>ceciderunt?</span> <span class='ocrx_word' id='word_1_199' title='bbox 1073 2125 1185 2174; x_wconf 85' lang='lat' dir='ltr'>quot</span> <span class='ocrx_word' id='word_1_200' title='bbox 1215 2111 1377 2174; x_wconf 81' lang='lat' dir='ltr'>oppida</span> <span class='ocrx_word' id='word_1_201' title='bbox 1404 2112 1448 2157; x_wconf 86' lang='lat' dir='ltr'>in</span> <span class='ocrx_word' id='word_1_202' title='bbox 1482 2113 1570 2176; x_wconf 84' lang='lat' dir='ltr'>Sy-</span> 
     </span>
     <span class='ocr_line' id='line_1_28' title="bbox 286 2181 1567 2248; baseline 0.003 -21"><span class='ocrx_word' id='word_1_203' title='bbox 286 2181 388 2228; x_wconf 84' lang='lat' dir='ltr'>ria?</span> <span class='ocrx_word' id='word_1_204' title='bbox 423 2194 532 2246; x_wconf 91' lang='lat' dir='ltr'>quot</span> <span class='ocrx_word' id='word_1_205' title='bbox 560 2183 605 2228; x_wconf 87' lang='lat' dir='ltr'>in</span> <span class='ocrx_word' id='word_1_206' title='bbox 642 2182 902 2229; x_wconf 82' lang='lat' dir='ltr'>Macedonia</span> <span class='ocrx_word' id='word_1_207' title='bbox 937 2184 1147 2231; x_wconf 90' lang='lat' dir='ltr'>devorata</span> <span class='ocrx_word' id='word_1_208' title='bbox 1183 2184 1315 2230; x_wconf 80' lang='lat' dir='ltr'>sunt?</span> <span class='ocrx_word' id='word_1_209' title='bbox 1359 2185 1567 2248; x_wconf 85' lang='lat' dir='ltr'>Cyprum</span> 
     </span>
     <span class='ocr_line' id='line_1_29' title="bbox 286 2255 1570 2322; baseline 0.005 -22"><span class='ocrx_word' id='word_1_210' title='bbox 286 2255 461 2318; x_wconf 83' lang='lat' dir='ltr'>quoties</span> <span class='ocrx_word' id='word_1_211' title='bbox 495 2256 681 2304; x_wconf 83' lang='lat' dir='ltr'>vastavit</span> <span class='ocrx_word' id='word_1_212' title='bbox 708 2258 814 2305; x_wconf 85' lang='lat' dir='ltr'>haec</span> <span class='ocrx_word' id='word_1_213' title='bbox 843 2258 1015 2306; x_wconf 82' lang='lat' dir='ltr'>clades?</span> <span class='ocrx_word' id='word_1_214' title='bbox 1056 2259 1228 2321; x_wconf 85' lang='lat' dir='ltr'>quoties</span> <span class='ocrx_word' id='word_1_215' title='bbox 1255 2259 1298 2305; x_wconf 92' lang='lat' dir='ltr'>in</span> <span class='ocrx_word' id='word_1_216' title='bbox 1328 2260 1370 2305; x_wconf 86' lang='lat' dir='ltr'>se</span> <span class='ocrx_word' id='word_1_217' title='bbox 1398 2261 1570 2322; x_wconf 79' lang='lat' dir='ltr'>Paphus</span> 
     </span>
     <span class='ocr_line' id='line_1_30' title="bbox 272 2330 1570 2393; baseline 0.002 -19"><span class='ocrx_word' id='word_1_218' title='bbox 272 2330 487 2377; x_wconf 57' lang='lat' dir='ltr'>torruit?</span> <span class='ocrx_word' id='word_1_219' title='bbox 510 2334 777 2393; x_wconf 82' lang='lat' dir='ltr'>Frequenter</span> <span class='ocrx_word' id='word_1_220' title='bbox 804 2331 932 2378; x_wconf 87' lang='lat' dir='ltr'>nobis</span> <span class='ocrx_word' id='word_1_221' title='bbox 952 2331 1134 2379; x_wconf 86' lang='lat' dir='ltr'>nuntiati</span> <span class='ocrx_word' id='word_1_222' title='bbox 1163 2330 1259 2378; x_wconf 88' lang='lat' dir='ltr'>sunt</span> <span class='ocrx_word' id='word_1_223' title='bbox 1283 2343 1473 2377; x_wconf 88' lang='lat' dir='ltr'>totarum</span> <span class='ocrx_word' id='word_1_224' title='bbox 1492 2349 1570 2378; x_wconf 82' lang='lat' dir='ltr'>ur·-</span> 
     </span>
     <span class='ocr_line' id='line_1_31' title="bbox 289 2400 1570 2467; baseline 0 -19"><span class='ocrx_word' id='word_1_225' title='bbox 289 2400 411 2448; x_wconf 84' lang='lat' dir='ltr'>bium</span> <span class='ocrx_word' id='word_1_226' title='bbox 446 2402 645 2450; x_wconf 84' lang='lat' dir='ltr'>interitus</span> <span class='ocrx_word' id='word_1_227' title='bbox 673 2421 684 2450; x_wconf 73' lang='grc' dir='ltr'><em>τ</em></span> <span class='ocrx_word' id='word_1_228' title='bbox 712 2415 755 2451; x_wconf 93' lang='lat' dir='ltr'>et</span> <span class='ocrx_word' id='word_1_229' title='bbox 786 2419 894 2459; x_wconf 90' lang='lat' dir='ltr'>nos,</span> <span class='ocrx_word' id='word_1_230' title='bbox 924 2403 1036 2449; x_wconf 86' lang='lat' dir='ltr'>inter</span> <span class='ocrx_word' id='word_1_231' title='bbox 1065 2420 1178 2467; x_wconf 89' lang='lat' dir='ltr'>quos</span> <span class='ocrx_word' id='word_1_232' title='bbox 1208 2403 1460 2467; x_wconf 85' lang='lat' dir='ltr'>frequenter</span> <span class='ocrx_word' id='word_1_233' title='bbox 1494 2402 1570 2448; x_wconf 85' lang='lat' dir='ltr'>ista</span> 
     </span>
     <span class='ocr_line' id='line_1_32' title="bbox 290 2474 1571 2541; baseline 0.001 -21"><span class='ocrx_word' id='word_1_234' title='bbox 290 2474 547 2523; x_wconf 79' lang='lat' dir='ltr'>nuntiantur</span> <span class='ocrx_word' id='word_1_235' title='bbox 562 2512 577 2537; x_wconf 86' lang='lat'><strong>,</strong></span> <span class='ocrx_word' id='word_1_236' title='bbox 600 2488 738 2540; x_wconf 89' lang='lat' dir='ltr'>quota</span> <span class='ocrx_word' id='word_1_237' title='bbox 765 2493 862 2541; x_wconf 88' lang='lat' dir='ltr'>pars</span> <span class='ocrx_word' id='word_1_238' title='bbox 884 2476 1084 2525; x_wconf 89' lang='lat' dir='ltr'>omnium</span> <span class='ocrx_word' id='word_1_239' title='bbox 1109 2475 1288 2524; x_wconf 83' lang='lat' dir='ltr'>sumus?</span> <span class='ocrx_word' id='word_1_240' title='bbox 1319 2476 1571 2540; x_wconf 86' lang='lat' dir='ltr'>Consurga-</span> 
     </span>
    </p>
   </div>
   <div class='ocr_carea' id='block_1_3' title="bbox 1728 0 1797 2956">
    <p class='ocr_par' dir='ltr' id='par_1_3' title="bbox 1728 0 1797 2956">
     <span class='ocr_line' id='line_1_33' title="bbox 1728 0 1797 2956; baseline 0 0"><span class='ocrx_word' id='word_1_241' title='bbox 1728 0 1797 2956; x_wconf 95' lang='lat' dir='ltr'> </span> 
     </span>
    </p>
   </div>
  </div>
 </body>
</html>
