1807 3004
604 52 643 65 U«

554 180 1130 226 EPISTOLAE.
1386 172 1469 240 171

204 285 352 332 animo
377 284 655 341 succurrunt,
683 295 886 347 tanquam
915 282 1147 341 Centauri,
1173 282 1378 345 Gigantes
1397 320 1412 340 ,
1435 296 1478 331 et

204 357 420 420 quidquid
434 357 547 403 aliud
560 356 660 402 falsa
680 358 946 419 cogitatione
966 356 1219 413 formatum,
1235 356 1392 401 habere
1409 357 1481 403 ali-

205 445 337 491 quam
358 427 587 490 imaginem
607 428 774 488 coepit,
797 427 996 489 quamvis
1013 443 1102 472 non
1121 426 1274 471 habeat
1290 426 1481 472 substan·

205 503 322 547 tiam.
347 501 476 547 Nunc
494 500 548 545 ad
566 500 608 545 id
622 500 742 561 quod
762 499 837 544 tibi
852 499 1044 561 promisi,
1063 512 1279 554 revertor,
1297 515 1482 562 quomo-

203 575 265 620 do
294 590 580 638 quaecunque
607 573 725 630 sunt,
752 573 796 619 in
822 575 890 620 sex
919 575 1079 620 modos
1106 573 1228 619 Plato
1257 573 1478 635 partiatur.

202 644 396 690 Primum
425 645 531 691 illud
551 645 687 704 Quod
707 645 795 701 est,
813 661 893 691 nec
916 645 1029 698 visu,
1048 661 1128 691 nec
1146 646 1255 691 taelu
1269 681 1281 703 ,
1295 662 1374 692 nec
1388 646 1478 692 ullo

201 717 322 764 sensu
337 719 741 780 comprehenditur:
758 717 988 780 cogitabile
999 718 1072 764 est.
1089 720 1208 781 quod
1224 719 1479 781 generaliter

200 791 261 837 est
281 808 291 834 z
312 806 515 854 tanquam
537 792 676 837 homo
698 790 908 854 generalis
933 791 1008 836 sub
1035 791 1188 836 oculos
1216 808 1306 837 non
1328 792 1478 850 venit,

199 863 273 909 sed
305 863 500 925 specialis
524 864 666 915 venit,
695 876 745 908 ut
775 862 938 909 Cicero
964 875 1005 907 et
1029 863 1157 909 Cato.
1196 863 1368 909 Animal
1388 881 1478 910 non

199 934 399 991 videtur,
424 935 494 981 sed
521 935 735 998 cogitatur
754 952 764 980 :
783 935 959 981 videtur
987 947 1131 981 autem
1162 934 1326 996 species
1351 936 1445 982 eius
1462 971 1477 993 ,

200 1022 364 1067 equus,
387 1020 429 1052 et
451 1006 580 1052 canis.
611 1006 858 1051 Secundum
887 1021 941 1050 ex
967 1005 1031 1050 bis
1063 1022 1172 1067 quae
1198 1006 1320 1064 iimt,
1351 1008 1479 1068 ponit

198 1079 350 1135 Plato,
375 1078 498 1140 quod
520 1078 683 1133 eminet
700 1088 742 1123 et
764 1077 990 1138 exsuperat
1007 1078 1171 1122 omnia.
1198 1079 1298 1123 Hoc
1323 1081 1381 1124 ait
1401 1096 1479 1141 per

199 1150 497 1199 excellentiam
522 1150 619 1195 effe.
640 1163 684 1195 ut
707 1150 836 1210 poeta
860 1150 1156 1196 communiter
1188 1151 1359 1198 dicitur.
1380 1169 1479 1198 om-

200 1225 327 1271 nibus
366 1223 482 1269 enim
513 1223 663 1269 versus
694 1222 948 1268 facientibus
982 1223 1070 1269 hoc
1102 1238 1267 1269 nomen
1300 1224 1374 1277 est.
1406 1226 1478 1271 sed

199 1298 286 1344 iam
308 1299 422 1359 apud
451 1296 642 1342 Graecm
662 1295 704 1339 in
735 1295 863 1341 unius
889 1307 1037 1342 notam
1065 1296 1197 1342 ceffit.
1231 1298 1475 1344 Homerum

199 1369 405 1433 intelligas
420 1405 432 1425 ‚
457 1385 556 1414 cum
577 1367 761 1413 audieris
782 1369 973 1429 poetam.
1002 1368 1123 1429 Quid
1148 1385 1255 1431 ergo
1273 1370 1359 1415 hoc
1380 1370 1440 1416 est
1458 1370 1477 1416 ἓ

201 1444 346 1498 Deus,
376 1442 536 1487 scilicet
565 1441 703 1486 maior
724 1458 772 1487 ac
802 1441 1030 1502 potentior
1060 1443 1237 1488 cunffis.
1271 1442 1475 1489 Tertium

200 1531 334 1577 genus
352 1513 412 1559 est
437 1530 591 1559 eorum
608 1548 623 1569 ,
659 1530 770 1576 quae
792 1513 967 1575 proprie
992 1514 1087 1560 sunt
1114 1531 1125 1559 ε
1148 1515 1478 1561 innumerabilia

200 1587 306 1632 haec
319 1585 430 1642 sunt,
444 1584 514 1631 sed
530 1597 651 1630 extra
672 1584 866 1631 nostrum
882 1586 1019 1646 polita
1037 1588 1334 1649 conspeElum.
1349 1591 1476 1648 Quae

201 1660 318 1714 sunt,
341 1659 610 1721 interrogas?
634 1659 815 1721 propria
845 1659 1036 1705 Platonis
1062 1660 1250 1722 supellex
1280 1660 1355 1706 est.
1381 1664 1477 1707 lde-

201 1750 246 1780 as
280 1744 439 1790 vocat,
465 1747 518 1777 ex
547 1731 706 1795 quibus
730 1732 879 1778 omnia
895 1768 908 1790 ‚
934 1750 1222 1796 quaecunque
1257 1735 1476 1794 videmus,

201 1805 339 1852 fiunt:
366 1816 410 1851 et
435 1805 490 1850 ad
523 1821 627 1867 quas
651 1806 805 1852 cundia
831 1805 1090 1853 formantur.
1125 1809 1217 1853 Hae
1243 1807 1476 1855 immorta-

201 1879 286 1933 les,
321 1877 636 1934 immutabiles,
667 1877 940 1925 inviolabiles
973 1879 1079 1925 sunt.
1118 1880 1241 1939 Quid
1268 1880 1317 1925 fit
1346 1880 1442 1927 idea
1461 1917 1476 1940 ‚

199 1950 247 1997 id
270 1949 351 2007 est,
372 1949 479 2011 quid
507 1948 676 1994 Platoni
704 1947 788 1995 effe
806 1948 1033 2006 videatur,
1059 1951 1173 1997 audi.
1197 1952 1294 1999 Idea
1318 1952 1378 1998 est
1396 1969 1474 1999 eo-

201 2037 326 2078 rum,
357 2024 653 2084 quae'natura
681 2019 817 2077 fiunt,
850 2023 1073 2084 exemplar
1102 2036 1339 2070 aeternum.
1383 2026 1476 2072 Ad·
1526 2040 1530 2042 ·

202 2095 347 2142 iiciam
387 2092 633 2140 definitioni
670 2094 1072 2155 interpretationem
1103 2133 1117 2154 ,
1166 2114 1258 2160 quo
1293 2099 1373 2145 tibi
1408 2117 1474 2148 res

202 2168 397 2231 apertior
417 2168 504 2216 fiat.
536 2169 656 2215 Volo
682 2168 915 2232 imaginem
936 2182 1054 2216 tuam
1084 2169 1239 2218 facere.
1256 2174 1476 2236 exemplar

202 2240 394 2302 piEturae
422 2252 465 2285 te
499 2240 663 2297 habeo,
698 2256 753 2285 ex
788 2256 879 2302 quo
906 2240 1022 2304 capit
1057 2241 1244 2305 aliquem
1280 2244 1474 2293 habitum

201 2330 351 2370 mens,
381 2331 510 2376 quem
540 2315 665 2377 operi
699 2314 780 2360 suo
813 2314 1025 2377 imponat.
1061 2318 1122 2362 Ita
1155 2316 1224 2363 illa
1260 2335 1370 2382 quae
1403 2337 1475 2367 me

202 2387 334 2434 docet
349 2387 590 2455 etlinstruit
615 2387 746 2434 facies
764 2423 777 2445 ‚
794 2406 818 2434 a
845 2405 929 2452 qua
959 2391 1120 2451 petitur
1147 2390 1358 2450 imitatio,
1377 2393 1474 2441 idea

203 2460 277 2509 est.
298 2461 421 2512 Talia
443 2478 552 2527 ergo
577 2462 840 2527 exemplaria
866 2462 1032 2513 infinita
1065 2464 1192 2513 habet
1221 2477 1372 2514 natura
1405 2484 1473 2518 re-
