1807 3004
315 192 375 239 23
572 194 617 239 L.
668 194 964 239 ΑΝΝΑΕῘ
1009 193 1359 239 SENECAE

310 299 386 345 bet
414 301 728 353 commodum,
759 300 863 344 nihil
894 299 966 344 ulli
996 301 1301 356 committere,
1332 315 1421 345 non
1451 299 1583 346 time-

310 389 355 417 re
382 372 597 429 indicem,
625 373 736 433 perit
756 372 912 417 stulto:
936 373 1022 432 ipse
1045 373 1084 417 se
1105 374 1263 433 prodit.
1291 372 1405 418 Vide
1435 374 1579 435 itaque

308 445 415 507 quid
436 446 488 490 de
518 459 560 491 te
579 439 746 507 sperem
762 481 774 502 ‚
802 446 941 490 immo
969 446 1076 506 quid
1097 445 1330 506 spondeam
1351 446 1468 492 mihi.
1490 447 1582 508 spes

306 517 423 562 enim
456 517 610 562 incerti
632 516 737 562 boni
760 533 923 563 nomen
947 516 1019 562 est.
1046 533 1135 562 non
1164 517 1344 564 invenio
1366 535 1464 564 cum
1488 535 1581 581 quo

306 600 349 634 te
370 590 516 634 malim
535 588 645 646 effe,
664 606 793 651 quam
815 601 974 634 tecum.
1001 591 1168 650 Repeto
1188 590 1423 645 memoria,
1449 607 1577 652 quam

306 677 467 723 magno
493 661 641 706 animo
667 663 877 723 quaedam
898 661 1031 707 verba
1059 661 1316 723 proieceris,
1336 663 1483 724 quanti
1504 679 1579 708 ro-

305 732 425 778 boris
453 733 589 793 plena.
615 733 849 794 gratulatus
873 732 966 778 sum
993 732 1193 795 protinus
1222 733 1359 790 mihi,
1383 747 1427 779 et
1455 734 1575 780 dixi:

305 805 412 848 Non
437 821 460 850 a
478 805 654 851 summis
680 805 809 850 labris
838 804 912 850 ista
941 816 1156 851 venerunt
1179 822 1190 849 ε
1211 805 1370 851 habent
1397 805 1475 851 hae
1494 822 1577 852 vo-

303 892 373 922 ces
398 875 739 923 fundamentum.
766 877 841 923 iste
867 877 1008 922 homo
1042 892 1130 921 non
1155 875 1215 922 est
1232 878 1352 922 'unus
1373 893 1396 922 e
1425 893 1575 939 popu-

301 947 345 993 lo
370 950 454 995 :ad
480 949 655 995 salutem
691 949 864 1011 speEtat.
899 950 968 995 Sic
995 949 1201 1011 loquere,
1235 947 1290 994 fic
1318 948 1422 995 vive
1444 949 1576 996 :vide

301 1037 357 1067 ne
384 1033 425 1067 te
458 1021 539 1066 ulla
566 1038 632 1068 res
657 1021 882 1082 deprimat.
919 1024 1142 1066 Votorum
1173 1035 1351 1066 tuorum
1379 1031 1575 1066 veterum

300 1092 402 1139 licet
439 1093 520 1139 diis
552 1093 732 1155 gratiam
770 1090 896 1139 facias
928 1109 940 1137 z
973 1091 1053 1136 alia
1094 1092 1146 1137 de
1175 1092 1345 1155 integro
1373 1091 1537 1153 suscipe
1563 1110 1576 1138 t

302 1182 411 1229 roga
444 1167 604 1211 bonam
644 1180 866 1223 mentem,
898 1165 1059 1211 bonam
1089 1164 1380 1210 valetudinem
1409 1164 1578 1220 animi,

303 1239 460 1286 deinde
487 1239 698 1300 corporis.
750 1238 918 1298 Quidni
943 1250 987 1282 tu
1016 1236 1091 1282 ista
1122 1248 1226 1282 vota
1254 1237 1376 1298 saepe
1413 1236 1575 1283 facias?

302 1312 506 1358 auda&er
532 1312 679 1357 Deum
708 1327 840 1373 roga,
866 1310 927 1355 nil
948 1310 1064 1355 illum
1090 1309 1144 1354 de
1168 1309 1309 1354 alieno
1334 1325 1576 1372 rogaturus.

300 1384 382 1429 Sed
411 1396 459 1429 ut
484 1400 608 1429 more
632 1399 734 1428 meo
766 1399 867 1428 cum
895 1383 1042 1445 aliquo
1070 1377 1332 1427 munusculo'
1347 1382 1574 1444 epistolam

300 1456 470 1502 mittam
485 1491 498 1513 ,
518 1472 671 1503 verum
695 1454 784 1512 est,
807 1455 930 1517 quod
952 1455 1066 1515 apud
1086 1455 1421 1499 Athenodorum
1447 1454 1573 1500 inve-

286 1529 379 1575 ni:
406 1531 536 1575 Tunc
566 1528 674 1574 scito
701 1540 743 1573 te
771 1527 855 1573 esse
885 1527 1088 1572 omnibus
1118 1526 1425 1587 cupiditatibus
1454 1526 1573 1572 solu—

300 1613 393 1648 tum
411 1636 424 1656 ‚
450 1617 548 1647 cum
567 1616 622 1645 eo
649 1600 927 1662 perveneris,
949 1612 995 1646 ut
1016 1599 1119 1644 nihil
1145 1599 1292 1644 Deum
1318 1615 1467 1661 roges,
1495 1599 1575 1646 nisi

300 1675 424 1738 quod
462 1690 614 1736 rogare
649 1673 779 1735 poffis
813 1673 969 1734 palam.
1007 1673 1135 1718 Nunc
1162 1672 1277 1718 enim
1305 1687 1464 1733 quanta
1492 1673 1571 1719 de-

300 1745 463 1792 mentia
487 1745 547 1791 est
575 1745 838 1791 hominum?
865 1744 1106 1806 turpiffima
1139 1759 1245 1790 vota
1277 1743 1357 1789 diis
1384 1743 1570 1790 insusur-

299 1830 394 1864 rant
412 1835 422 1863 :
446 1816 474 1863 fi
489 1817 585 1880 quis
602 1817 848 1864 admoverit
866 1834 1030 1873 aurem,
1053 1816 1363 1873 conticescent,
1385 1831 1427 1862 et
1445 1817 1570 1879 quod

300 1891 406 1938 scire
432 1891 659 1936 hominem
682 1891 862 1947 nolunt,
891 1890 996 1935 Deo
1025 1902 1210 1934 narrant.
1242 1889 1356 1936 Vide
1381 1905 1489 1952 ergo
1513 1906 1569 1936 ne

299 1965 389 2010 hoc
416 1963 604 2026 praecipi
629 1962 850 2009 salubriter
882 1962 1038 2025 poffit:
1070 1961 1140 2008 Sic
1168 1962 1272 2007 vive
1296 1979 1395 2008 cum
1421 1962 1569 2008 homi-

302 2036 427 2082 nibus
442 2070 454 2090 ‚
477 2047 683 2097 tanquam
703 2035 827 2080 Deus
856 2035 1028 2090 videat;
1052 2033 1109 2082 fic
1124 2034 1302 2098 loquere
1323 2050 1426 2097 cum
1443 2034 1566 2093 Deo,

301 2121 506 2174 tanquam
534 2108 733 2157 homines
760 2108 950 2156 audiant.
