1780 2988
437 151 1064 221 ‘EPISTOLAEt
1317 150 1406 215 383

137 259 262 318 bam,
283 258 515 324 igniculum
537 260 642 306 nihil
664 260 865 307 conferre
889 258 1043 306 lumini
1062 257 1162 305 solis
1182 275 1193 304 ε
1217 258 1411 307 claritate

137 336 253 383 enim
273 336 388 392 eius,
419 333 633 396 quidquid
659 333 744 380 sine
766 349 822 380 eo
842 332 983 390 lucet,
1009 332 1299 378 absconditur.
1327 332 1411 378 Sed

138 408 378 470 quaedam,
406 404 574 467 inquit,
606 405 681 450 soli
710 422 888 468 quoque
913 403 1095 450 obstant.
1126 407 1184 450 At
1211 401 1310 449 solis
1339 403 1409 451 vis

139 496 182 527 et
211 482 287 526 lux
312 481 480 542 integra
510 477 596 533 est,
617 479 748 523 etiam
781 480 893 525 inter
924 476 1156 539 opposita:
1185 488 1228 523 et
1256 492 1412 539 quam-

140 554 208 600 vis
237 552 399 616 aliquid
424 551 704 608 interiaceat‚
729 552 852 614 quod
875 567 956 596 nos
978 549 1208 612 prohibeat
1229 549 1320 595 eius
1336 549 1413 595 ad-

140 624 308 684 spectu,
335 623 379 669 in
407 640 542 686 opere
570 623 658 681 est,
690 624 817 670 cursu
844 623 922 670 suo
947 623 1096 668 fertur.
1130 623 1319 682 Quoties
1343 623 1413 669 in-

139 706 203 740 ter
231 696 373 744 nubila
400 696 539 754 luxit,
565 713 656 742 non
681 696 741 743 est
767 696 920 742 sereno
944 696 1115 753 minor,
1141 714 1222 743 nec
1246 697 1412 744 tardior

138 768 316 830 quidem
341 786 350 813 :
382 768 591 831 quoniam
625 768 811 814 multum
841 767 1040 823 interest,
1069 783 1215 814 utrum
1248 769 1412 833 aliquid

139 839 281 887 obstet
312 852 504 898 tantum,
538 857 591 886 an
616 840 840 902 impediat.
875 840 1043 886 Eodem
1082 842 1221 887 modo
1257 842 1413 889 virtuti

141 913 340 976 opposita
364 913 468 959 nihil
499 914 740 959 detrahunt.
768 929 860 959 non
888 913 950 959 est
979 913 1145 970 minor,
1169 914 1242 960 sed
1268 916 1414 963 minus

143 985 278 1049 fulget
305 1003 314 1031 :
344 986 471 1031 nobis
499 985 676 1031 forsitan
708 1003 798 1032 non
829 1002 965 1048 aeque
994 1001 1170 1049 apparet
1198 1005 1247 1034 ac
1273 989 1412 1045 nitet;

140 1057 217 1104 fibi
236 1059 386 1104 eadem
405 1058 488 1113 est,
505 1071 548 1103 et
565 1074 689 1104 more
706 1058 807 1105 solis
825 1059 1025 1113 obscuri,
1051 1060 1094 1104 in
1115 1060 1296 1107 occulto
1317 1061 1410 1107 vim

141 1131 258 1177 suam
280 1145 463 1178 exercet.
484 1133 583 1178 Hoc
609 1132 752 1194 itaque
773 1122 975 1179 adversus
997 1132 1202 1179 virtutem
1234 1133 1414 1195 poffunt

142 1204 425 1261 calamitates,
446 1217 488 1251 et
505 1204 683 1261 damna,
702 1218 745 1250 et
762 1204 964 1261 iniuriae,
981 1205 1104 1266 quod
1124 1205 1326 1253 adversus
1344 1208 1415 1253 so-

141 1276 227 1322 lem
248 1276 386 1339 potest
407 1277 575 1322 nebula.
592 1276 818 1322 Invenitur
832 1275 907 1339 qui
927 1277 1055 1334 dicat,
1070 1277 1304 1339 sapientem
1320 1297 1416 1327 cor·

143 1366 252 1412 pore
279 1365 426 1411 parum
451 1348 663 1410 prospero
690 1348 810 1393 usum
826 1383 839 1405 ,
859 1365 940 1394 nee
967 1350 1171 1395 miserum
1192 1351 1304 1409 effe,
1332 1369 1413 1400 nec

144 1423 331 1468 beatum.
351 1421 435 1467 Hic
455 1437 635 1483 quoque
660 1419 831 1465 fallitur.
869 1437 1080 1484 exaequat
1099 1424 1214 1469 enim
1235 1424 1414 1472 fortuita

144 1495 402 1551 virtutibus,
435 1505 476 1540 et
497 1494 746 1539 tantundem
782 1495 931 1540 tribuit
953 1497 1169 1552 honestis,
1201 1515 1414 1562 quantum

145 1567 369 1614 hon-estate
390 1566 647 1614 carentibus.
673 1568 790 1627 Quid
819 1584 960 1615 autem
989 1569 1186 1630 foedius,
1214 1574 1318 1636 quid
1346 1576 1414 1621 in-

147 1639 338 1702 dignius,
358 1655 487 1701 quam
508 1655 764 1701 comparare
785 1641 1029 1686 veneranda
1050 1645 1310 1691 contemtis?
1328 1649 1416 1693 Ve-

146 1714 335 1761 neranda
356 1713 470 1759 enim
489 1712 608 1768 sunt,
636 1711 769 1769 fides,
793 1713 970 1768 iustitia,
993 1714 1147 1775 pietas,
1172 1716 1416 1779 fortitudo,

145 1784 376 1847 prudentia
396 1803 406 1831 ε
427 1802 449 1831 e
471 1785 691 1832 contrario
717 1786 819 1832 vilia
837 1786 948 1841 sunt,
970 1803 1082 1848 quae
1097 1788 1220 1848 saepe
1238 1792 1416 1837 contin-

146 1870 255 1920 gunt
274 1858 467 1920 pleniora
482 1849 721 1915 ‘viliffimis‚
743 1876 839 1905 crus
856 1859 1065 1914 solidum,
1079 1873 1122 1905 et
1145 1861 1350 1921 lacertus,
1371 1877 1416 1911 et

146 1931 295 1976 dentes
314 1965 327 1987 ‚
355 1930 574 1976 ethorum
595 1931 745 1977 sanitas
760 1966 774 1988 ‚
805 1931 1085 1994 firmitasque.
1111 1933 1282 1979 Deinde
1302 1935 1329 1979 si
1350 1935 1417 1981 sa-

147 2003 272 2065 piens
304 2003 373 2050 cui
406 2020 563 2066 corpus
593 2004 821 2050 molestum
853 2005 939 2062 est,
970 2022 1050 2051 nec
1080 2005 1206 2051 miser
1231 2007 1417 2053 habebi-

149 2090 236 2132 tur,
254 2094 332 2124 nec
353 2077 502 2124 beatus
521 2110 534 2132 ‚
556 2078 626 2123 sed
641 2078 683 2122 in
703 2077 851 2124 medio
873 2079 1143 2141 relinquetur
1162 2096 1172 2123 :
1193 2079 1279 2124 vita
1304 2097 1418 2143 quo-

149 2166 234 2213 que
255 2150 344 2195 eius
369 2167 448 2196 nec
468 2151 709 2214 appetenda
734 2152 836 2204 erit,
856 2168 934 2198 nec
955 2151 1173 2214 fugienda.
1196 2153 1317 2211 Quid
1341 2170 1418 2200 au-

148 2233 235 2267 tem
261 2234 348 2267 tam
383 2223 609 2269 absurdum
627 2258 640 2278 ,
663 2241 795 2283 quam
826 2224 1024 2286 sapientis
1051 2223 1186 2269 vitam
1208 2238 1418 2286 appeten-

150 2296 248 2340 dam
275 2311 365 2341 non
383 2295 467 2341 effe
488 2296 504 2343 ?
532 2311 604 2342 aut
623 2297 729 2358 quid
751 2308 837 2341 tam
864 2312 985 2342 extra
1007 2295 1159 2349 fidem,
1183 2314 1314 2358 quam
1330 2298 1417 2346 effe

151 2365 336 2426 aliquam
374 2367 509 2413 vitam
544 2385 623 2414 nec
658 2368 943 2430 appetendam
965 2403 977 2424 ‚
1010 2385 1089 2414 nec
1123 2369 1416 2431 fugiendam?

151 2438 354 2498 Deinde,
386 2438 417 2485 fi
447 2440 604 2486 damna
633 2441 833 2504 corporis
860 2441 1066 2488 miserum
1099 2459 1191 2490 non
1228 2442 1420 2504 faciunt,
