1797 2956
357 163 447 224 346
582 163 631 208 L.
683 161 993 207 ANNAEI
1041 159 1404 209 SENECA-E

354 267 442 323 esti,
470 269 705 331 quomodo
736 267 814 331 ipsi
843 267 998 315 faber:
1042 268 1115 315 sed
1149 286 1229 317 nec
1264 269 1336 317 hic
1362 268 1627 333 geometriae

353 357 451 401 pars
483 340 564 398 est,
600 358 680 388 nec
711 340 781 386 illa
808 339 1129 404 philosophiae.
1167 344 1420 400 Praeterea,
1447 354 1629 404 utraque

354 410 462 458 fines
495 412 592 459 suos
623 413 762 460 habet.
802 413 965 476 sapiens
992 412 1108 461 enim
1130 416 1272 462 causas
1302 416 1559 462 naturalium
1588 427 1631 462 et

353 486 523 546 quaerit
539 499 580 532 et
599 487 747 546 nov-it,
764 506 957 551 quorum
976 506 1180 536 numeros
1198 491 1505 553 mensurasque
1525 505 1630 552 geo-

354 570 514 604 metres
552 560 825 625 persequitur
853 575 896 609 et
927 562 1141 624 supputat.
1185 564 1286 623 Qua
1319 564 1488 610 ratione
1522 578 1631 609 con-

358 627 471 676 stent
495 631 712 691 coelestia,
736 650 849 697 quae
879 634 961 680 illis
991 634 1040 679 fit
1058 635 1153 692 vis,
1181 650 1346 698 quaeve
1375 646 1522 680 natura
1538 669 1551 692 ,
1570 634 1633 680 sa·

354 701 482 762 piens
509 702 588 750 scit
608 722 619 751 :
641 706 786 754 cursus
809 720 852 753 et
876 707 1073 754 recursus
1098 721 1140 753 et
1168 706 1495 753 observationes
1517 743 1530 763 ,
1555 723 1634 769 per

355 791 461 837 quas
490 776 758 825 descendunt
779 795 823 827 et
841 780 1108 837 allevantur,
1127 798 1176 827 ac
1200 780 1386 843 speciem
1417 779 1634 828 interdum

353 846 555 895 stantium
582 852 810 913 praebent,
836 870 941 900 cum
964 853 1222 901 coelestibus
1248 853 1354 899 stare
1379 868 1469 898 non
1495 852 1637 908 liceat,

357 920 523 984 colligit
550 924 896 973 mathematicus.
939 928 1069 987 Quae
1095 926 1218 973 causa
1253 925 1297 971 in
1322 924 1499 988 speculo
1525 924 1637 970 ima-

355 994 481 1056 gines.
498 996 738 1062 exprimat,
760 998 836 1044 scit
855 998 1021 1061 sapiens
1044 1017 1053 1044 ε
1077 999 1183 1044 illud
1203 997 1280 1044 tibi
1305 1011 1533 1060 geometer
1556 1012 1639 1058 po-

357 1066 438 1114 test
467 1069 626 1128 dicere,
650 1086 862 1134 quantum
887 1073 1028 1118 abeffe
1049 1074 1201 1119 debeat
1223 1089 1387 1135 corpus
1413 1072 1466 1117 ab
1487 1070 1640 1135 imagi-

358 1158 413 1188 ne
430 1178 443 1197 ,
480 1156 522 1189 et
549 1145 686 1208 qualis
713 1145 858 1192 forma
884 1147 1079 1209 speculi,
1114 1145 1263 1210 quales
1301 1146 1514 1210 imagines
1540 1146 1640 1193 red-

357 1214 443 1263 dat.
462 1218 673 1281 Magnum
691 1218 774 1266 effe
795 1219 930 1266 solem
953 1219 1243 1282 philosophus
1259 1220 1485 1282 probabit:
1505 1236 1641 1283 quan-

359 1300 426 1336 tus
460 1289 529 1346 fit,
560 1291 892 1340 mathematicus
912 1328 924 1349 ,
951 1292 1027 1355 qui
1060 1291 1138 1338 usu
1165 1291 1361 1354 quodam
1396 1304 1438 1337 et
1469 1291 1642 1338 exerci-

359 1363 527 1410 tatione
558 1366 760 1428 procedit
786 1385 797 1412 ε
823 1366 895 1413 sed
929 1380 976 1412 ut
1009 1365 1252 1427 procedat,
1280 1365 1552 1427 impetranda
1583 1365 1645 1412 illi*

358 1436 571 1498 quaedam
600 1438 813 1500 principia
845 1439 953 1484 sunt.
993 1439 1099 1484 Non
1131 1436 1192 1482 est
1221 1449 1362 1483 autem
1389 1453 1455 1482 ars
1484 1437 1547 1482 sui
1574 1437 1642 1483 iu-

359 1508 451 1563 ris,
491 1509 560 1555 cui
596 1511 841 1571 precarium
874 1510 1206 1557 fundamentum
1245 1509 1317 1556 est.
1361 1509 1642 1572 Philosophia

362 1583 424 1628 nil
446 1583 500 1628 ab
520 1583 606 1629 alio
632 1585 760 1645 petit,
788 1599 931 1631 torum
952 1601 1065 1647 opus
1091 1601 1115 1629 a
1135 1583 1229 1629 solo
1260 1583 1433 1629 excitat.
1471 1584 1643 1630 Mathe·

365 1655 522 1702 matica
550 1655 620 1719 (ut
644 1657 700 1703 ita
719 1657 885 1721 dicam)
909 1656 1201 1720 superficiaria
1226 1656 1310 1710 est,
1334 1656 1376 1702 in
1400 1655 1541 1702 alieno
1568 1674 1643 1703 ae-

365 1727 539 1784 dificat,
572 1730 707 1776 aliena
738 1731 898 1793 accipit
927 1729 1168 1792 principia,
1202 1745 1393 1790 quorum
1427 1728 1644 1777 beneficio

364 1801 419 1847 ad
450 1803 655 1850 ulteriora
683 1805 909 1866 perveniat
937 1823 947 1851 τ
975 1803 1003 1849 si
1034 1820 1111 1865 per
1137 1802 1179 1848 se
1209 1802 1290 1849 iret
1318 1804 1376 1848 ad,
1399 1819 1584 1859 verum,
1613 1803 1644 1850 fi

365 1874 499 1921 totius
519 1876 670 1922 muncli
701 1888 900 1922 naturam
929 1875 1071 1938 posset
1098 1875 1474 1936 comprehendere
1491 1911 1504 1932 ‚
1525 1875 1645 1922 dice-

364 1963 458 1994 rem
481 1949 665 1995 multum
692 1950 944 1996 collaturam
966 1948 1181 1995 mentibus
1203 1947 1357 1993 nostris
1375 1982 1387 2004 ,
1407 1964 1516 2009 quae
1538 1961 1648 1996 trac·
1703 1996 1705 1998 ,

365 2032 456 2067 tatu
486 2023 737 2069 coelestium
767 2023 986 2081 crescunt,
1012 2022 1276 2084 trahuntque
1299 2021 1461 2084 aliquid
1483 2039 1538 2069 ex
1556 2022 1645 2070 illo,

366 2097 467 2142 Una
497 2113 540 2142 re
567 2097 894 2144 consummatur
922 2100 1090 2144 animus
1109 2128 1123 2151 9
1152 2095 1326 2143 scientia
1349 2096 1571 2142 bonorum
1596 2114 1645 2143 ac

369 2171 588 2217 malorum
617 2172 910 2229 immutabili,
935 2188 1046 2234 quae
1077 2171 1158 2218 soli
1186 2169 1486 2232 philosophiae
1517 2187 1644 2216 com-

370 2243 491 2305 petit.
532 2244 658 2290 Nulla
686 2257 829 2290 autem
854 2262 923 2291 ars
947 2244 1026 2290 alia
1051 2245 1105 2290 de
1135 2243 1264 2289 bonis
1287 2259 1337 2288 ac
1361 2243 1483 2289 malis
1513 2259 1645 2306 quae-

370 2318 441 2364 rit.
459 2318 651 2382 Singulas
669 2319 795 2366 habet
817 2318 1050 2366 circumire
1070 2319 1268 2365 virtutes.
1294 2317 1524 2362 Fortitudo
1545 2332 1648 2362 con-

318 2424 327 2427 <
369 2390 548 2435 temtrix
575 2391 874 2437 timendorum
895 2392 955 2438 est
973 2390 1213 2438 :terribilia
1230 2423 1244 2446 ‚
1263 2401 1305 2436 et
1330 2390 1404 2436 sub
1424 2389 1573 2452 iugum
1592 2389 1643 2434 li-

371 2463 585 2511 bertatem
607 2463 798 2512 nostram
817 2464 1050 2523 mittentia,
1067 2464 1262 2528 despicit,
1280 2476 1520 2526 provocat,
1536 2459 1651 2507 fran-
