1797 2956
285 183 370 248 198
536 186 586 234 L.
629 185 927 232 ANNAEI
978 186 1328 233 SENECAE

273 306 368 337 rare
384 325 399 350 ‚
420 301 468 337 ut
492 293 707 355 approbet
727 291 939 339 virtutem
961 293 1083 339 omni
1106 293 1212 339 loco
1234 293 1360 340 nasci.
1384 293 1427 340 Si
1450 295 1550 358 pos-

273 362 335 409 set
361 378 439 426 per
466 364 506 410 se
533 365 678 411 nudos
709 365 838 411 edere
858 365 1054 423 animos,
1084 365 1261 413 feciffet.
1285 383 1398 413 nunc
1426 369 1550 430 quod

271 441 457 504 amplius
486 440 569 497 est,
602 440 705 488 facit
737 458 749 487 :
778 442 989 504 quosdam
1023 441 1138 487 enim
1168 442 1258 488 edit
1291 443 1552 504 corporibus

271 513 532 575 impeditos,
559 514 631 560 sed
658 513 948 561 nihilominus
965 521 1295 577 perrumpentes
1320 515 1549 562 obstantia.

270 585 482 632 Claranus
511 585 619 632 mihi
645 586 824 634 videtur
849 586 894 632 in
924 587 1145 648 exemplar
1172 586 1341 634 editus:
1372 601 1419 634 ut
1445 587 1551 635 scire

269 658 507 721 poffemus,
523 674 613 705 non
632 659 912 706 deformitate
927 661 1129 722 corporis
1145 659 1316 707 foedari
1334 662 1549 716 animum,

267 730 340 776 sed
380 730 702 792 pulchritudine
743 732 876 779 animi
919 749 1079 796 corpus
1114 733 1276 779 ornari.
1328 735 1551 794 Quamvis

268 815 414 849 autem
445 803 723 865 pauciffimos
745 822 830 852 una
856 806 1075 870 egerimus
1098 805 1215 863 dies,
1251 818 1398 853 tamen
1425 808 1551 854 multi

196 907 198 910 »
267 876 398 922 nobis
430 876 651 925 sermones
685 878 891 935 fuerunt,
925 895 1038 943 quos
1067 878 1249 926 subinde
1277 874 1481 942 egeram,
1510 893 1554 928 et

267 948 322 994 ad
351 960 393 995 te
421 949 605 996 mittam.
647 951 750 998 Hoc
780 952 928 1015 primo
953 951 1024 999 die
1054 950 1295 1015 quaesitum
1322 951 1410 1008 est,
1436 969 1552 1016 quo-

268 1021 410 1068 modo
428 1022 589 1084 poffint
611 1024 730 1086 paria
752 1024 870 1072 bona
888 1025 996 1082 effe,
1026 1023 1057 1071 st
1082 1024 1243 1087 triplex
1268 1041 1424 1072 eorum
1447 1042 1553 1072 con-

269 1093 382 1140 ditio
400 1094 472 1140 est.
506 1097 736 1155 Quaedam
767 1097 838 1160 (ut
864 1097 1020 1144 nostris
1049 1097 1246 1157 videtur)
1276 1097 1416 1160 prima
1438 1098 1555 1144 bona

268 1164 364 1211 sunt
386 1183 397 1212 ε
417 1181 626 1229 tanquam
655 1167 863 1230 gaudium
882 1204 894 1225 ,
916 1185 1002 1230 pax
1017 1204 1030 1224 ,
1051 1167 1158 1214 salus
1187 1168 1366 1230 patriae.
1403 1170 1556 1229 Quae·

269 1238 369 1285 dam
399 1238 613 1298 secunda,
638 1239 684 1286 in
708 1240 887 1286 materia
913 1239 1075 1287 infelici
1095 1240 1320 1302 expressa:
1348 1253 1553 1305 tanquam

268 1324 599 1360 tormentorum
629 1313 860 1377 patientia,
895 1327 939 1361 et
967 1312 1013 1360 in
1039 1314 1204 1360 morbo
1228 1314 1353 1378 gravi
1385 1327 1556 1378 tempe-

267 1387 419 1434 rantia.
465 1387 538 1433 Illa
567 1387 689 1434 bona
720 1387 887 1435 directo
921 1399 1125 1450 optamus
1157 1387 1284 1435 nobis
1310 1406 1321 1434 :
1354 1388 1493 1446 haec,
1524 1390 1555 1435 fi

268 1459 437 1507 necesse
458 1458 553 1507 erit.
605 1460 712 1506 Sunt
735 1459 879 1507 adhuc
907 1458 1059 1506 tertia:
1093 1469 1300 1522 tanquam
1334 1460 1557 1508 modestus

267 1533 479 1592 incessus,
505 1545 549 1580 et
583 1534 878 1597 compositus,
908 1550 958 1581 ac
984 1532 1151 1596 probus
1177 1533 1321 1581 vultus
1340 1566 1354 1590 ‚
1375 1546 1420 1581 et
1445 1551 1556 1583 con-

267 1604 452 1653 veniens
468 1605 672 1667 prudenti
697 1605 799 1652 viro
823 1605 977 1669 gestus.
1002 1606 1255 1666 Quomodo
1283 1605 1359 1653 ista
1381 1607 1496 1657 inter
1514 1608 1556 1654 se

267 1677 389 1740 paria
418 1677 505 1724 effe
526 1677 701 1740 possunt
720 1694 731 1723 :
754 1693 854 1724 cum
879 1676 958 1723 alia
987 1677 1180 1739 optanda
1201 1676 1309 1735 fint,
1334 1678 1415 1725 alia
1433 1692 1557 1727 aver-

268 1749 428 1796 sanda?
458 1751 501 1796 Si
525 1750 731 1799 volumus
755 1748 831 1796 ista
861 1748 1152 1812 distinguere,
1182 1750 1237 1796 ad
1265 1750 1455 1813 primum
1484 1769 1557 1799 re-

267 1834 519 1882 vertamur,
543 1834 586 1869 et
614 1822 943 1871 confideremus
969 1822 1014 1869 id
1043 1824 1167 1887 quale
1189 1823 1251 1871 fit.
1285 1824 1470 1872 Animus
1490 1825 1557 1872 in-

267 1908 396 1942 tuens
427 1910 533 1943 vera
553 1931 566 1954 ‚
601 1895 766 1958 peritus
802 1893 1112 1957 fugiendorum
1148 1912 1198 1943 ac
1230 1896 1557 1958 petendorum,

267 1982 361 2013 non
391 1982 448 2014 ex
470 1967 705 2030 opinione,
731 1965 805 2013 sed
831 1983 886 2013 ex
917 1979 1065 2013 natura
1089 1966 1225 2028 pretia
1255 1967 1384 2015 rebus
1408 1967 1556 2031 impo-

267 2055 401 2098 nens,
431 2038 513 2086 toti
539 2039 582 2086 se
605 2037 795 2085 inferens
824 2039 1022 2097 mundo,
1048 2049 1092 2085 et
1116 2038 1161 2084 in
1195 2053 1349 2086 omnes
1376 2039 1468 2086 eius
1489 2056 1556 2088 ac·

268 2123 339 2158 tus
370 2110 794 2174 contemplationem
826 2109 946 2157 suam
972 2110 1182 2168 mittens,
1213 2110 1558 2173 cogitationibus

268 2183 604 2247 actionibusque
631 2183 852 2241 intentus,
875 2199 931 2229 ex
957 2199 1102 2246 aequo
1125 2199 1388 2246 magnus-ac
1422 2183 1557 2230 vehe-

269 2274 421 2316 mens,
448 2258 606 2322 asperis
631 2258 890 2322 blandisque
921 2257 1079 2320 pariter
1102 2257 1291 2304 inviEtus
1305 2291 1321 2314 ‚
1351 2256 1493 2308 neutri
1515 2257 1556 2303 se

272 2330 477 2378 fortunae
510 2331 787 2387 submittens,
818 2332 946 2394 supra
969 2330 1119 2377 omnia
1151 2347 1262 2394 quae
1294 2330 1557 2392 contingunt

270 2403 566 2467 acciduntque
614 2405 837 2460 eminens,
873 2403 1192 2466 pulcherrimus
1235 2421 1335 2451 cum
1366 2404 1556 2460 decore,

272 2493 376 2526 cum
405 2477 574 2527 viribus
597 2477 719 2525 sanus
745 2494 795 2526 ac
822 2476 984 2538 siccus,
1014 2477 1356 2541 imperturbatus
1373 2511 1386 2536 ,
1421 2476 1556 2522 intree
