1807 3004
287 198 349 245 70
512 183 561 231 L.
618 181 919 228 ANNAEI
974 181 1336 227 SENECAE

285 289 374 337 istis
397 289 575 352 propitii
597 291 691 335 sunt
706 323 719 344 ‚
737 289 895 351 quibus
915 289 1040 335 bono
1062 305 1111 335 ac
1132 288 1323 351 benigno
1344 287 1468 336 vultu
1485 298 1578 333 rna-³

287 363 326 408 la
347 362 576 426 magnifica
605 363 850 408 tribuerunt
872 379 880 406 :
905 363 990 408 boc
1013 379 1103 408 uno
1125 362 1340 416 excusati,
1363 361 1483 424 quod
1502 362 1576 409 ista

286 452 399 497 quae
424 447 582 491 urunt,
614 451 725 496 quae
756 433 1036 491 excruciant,
1063 435 1314 497 optantibus
1345 436 1439 480 dara
1467 435 1576 481 sunt.

286 509 375 553 lam
408 508 713 569 imprimebam
746 507 951 569 epistolae
986 508 1180 570 signum:
1210 508 1465 554 resolvenda
1491 506 1576 564 est,

283 593 332 624 ut
359 596 456 625 curn
485 578 648 626 solenni
674 579 726 625 ad
754 592 797 625 te
819 579 1078 626 munusculo
1113 578 1282 634 veniat,
1316 595 1360 626 et
1385 578 1576 639 aliquam

282 651 562 715 magnificam
578 668 736 699 vocem
760 651 900 698 secum
922 651 1044 699 ferat.
1070 664 1110 697 et
1129 668 1231 699 ecce
1252 652 1447 698 occurrit
1468 651 1575 698 mihi

283 724 432 771 nescio
456 738 602 771 utrum
625 725 774 772 verior
790 760 802 782 ,
831 741 885 771 an
903 724 1194 787 eloquentior.
1228 724 1381 770 cuius?
1417 723 1574 785 inquis.

284 797 475 857 Epicuri.
497 798 637 844 adhuc
667 797 782 843 enirn
817 798 974 844 alienas
1002 797 1187 844 sarcinas
1208 797 1393 843 adorno.
1427 798 1577 842 Nemo

283 887 376 916 non
401 871 456 915 iia
472 870 563 916 exit
583 887 605 915 e
626 870 741 926 vira,
756 886 961 931 tanquam
985 870 1124 915 modo
1142 869 1384 914 intraverit.
1402 870 1576 928 Quem-

284 961 457 1005 cunque
487 944 556 990 vis
577 959 772 1001 occupa,
793 943 1136 998 adolescentem,
1158 942 1300 989 senem
1318 977 1330 997 ‚
1352 942 1543 989 medium
1564 960 1576 990 ε

283 1016 483 1066 invenies
503 1034 640 1080 aeque
658 1017 863 1063 timidum
886 1016 1063 1071 mortis,
1086 1033 1222 1078 aeque
1241 1015 1424 1062 inscium
1445 1016 1575 1063 vitae.

283 1107 416 1137 nemo
437 1092 672 1155 quidquam
704 1092 833 1137 habet
852 1090 962 1138 faffi.
985 1091 1028 1138 in
1059 1090 1257 1141 futurum
1289 1090 1407 1136 enim
1430 1090 1575 1137 nostra

285 1164 541 1211 distulimus.
581 1165 700 1210 Nihil
742 1181 812 1210 me
849 1165 985 1227 magis
1018 1165 1061 1210 in
1099 1164 1173 1210 ista
1214 1180 1329 1211 voce
1365 1163 1575 1223 ᾶθίεξὶᾱῐ,

284 1255 414 1301 quam
436 1239 556 1299 quod
583 1239 876 1301 exprobratur
899 1239 1071 1286 senibus
1099 1239 1293 1286 infantia.
1315 1240 1484 1295 Nemo,
1503 1239 1571 1285 in-

284 1310 402 1372 quit,
430 1311 579 1367 aliter,
616 1329 746 1375 quarn
770 1315 1006 1373 quomodo
1038 1326 1159 1363 natus
1188 1314 1277 1372 est,
1306 1314 1396 1360 exit
1424 1331 1447 1360 e
1471 1314 1575 1361 vita.

284 1384 450 1430 Falsum
473 1385 531 1431 est
549 1423 559 1439 ,
592 1387 767 1447 peiores
789 1387 1009 1432 morimur
1027 1423 1040 1443 ,
1072 1404 1203 1450 quam
1228 1386 1456 1432 nascimur.
1471 1387 1573 1432 No-

285 1456 419 1508 strum
444 1457 556 1505 istud
575 1495 588 1514 ,
624 1476 715 1505 non
740 1473 928 1507 <naturae
959 1460 1117 1506 vitium
1149 1459 1222 1506 est.
1254 1458 1325 1505 illa
1352 1459 1410 1506 de
1442 1459 1573 1506 nobis

285 1532 499 1594 conqueri
530 1532 660 1580 debet
675 1568 685 1587 ‚
717 1549 760 1580 et
777 1534 922 1580 dicere
941 1551 949 1577 ε
971 1535 1095 1593 Quid
1116 1533 1203 1581 hoc
1222 1532 1280 1579 est
1298 1534 1314 1578 ?
1344 1532 1429 1578 sme
1448 1534 1574 1595 cupi-

285 1605 492 1653 ditatibus
511 1625 594 1654 vos
617 1610 746 1670 genui
769 1645 781 1665 ‚
802 1609 890 1656 fine
908 1609 1143 1655 timoribus
1160 1641 1173 1664 ,
1200 1609 1286 1654 sine
1305 1608 1574 1670 superstitio-

285 1696 367 1736 ne,
392 1679 478 1726 fine
504 1680 685 1743 perfidia
704 1717 716 1736 ,
746 1681 990 1743 ceterisque
1016 1681 1202 1744 pestibus
1224 1699 1234 1727 ε
1262 1682 1417 1743 quales·
1439 1681 1573 1727 intra-

284 1750 388 1808 stis„
406 1753 532 1799 exite.
565 1755 764 1817 Percepit
794 1753 1070 1814 sapientiam,
1107 1754 1136 1799 si
1168 1754 1264 1817 quis
1291 1768 1378 1800 tam
1401 1755 1573 1800 securus

286 1825 475 1873 moritur
490 1862 504 1882 ‚
520 1843 653 1889 quam
674 1827 871 1874 nascitur.
885 1828 1016 1873 Nunc
1036 1845 1146 1874 vero
1167 1829 1450 1890 trepidamus,
1469 1844 1570 1874 cum

285 1898 530 1960 periculum
562 1899 764 1946 acceffit:
797 1916 888 1945 non
925 1900 1092 1946 animus
1123 1900 1282 1962 nobis,
1320 1915 1411 1945 non
1443 1899 1571 1946 color

285 1970 484 2018 constat:
514 1972 715 2018 lacrimae
744 1973 849 2018 nihil
880 1972 1138 2034 profuturae
1168 1973 1344 2018 cadunt.
1366 1972 1487 2031 Quid
1511 1970 1573 2017 est

285 2044 481 2105 turpiu's,
508 2061 638 2105 quam
670 2045 713 2090 in
744 2044 840 2107 ipso
867 2045 1016 2092 limine
1047 2046 1284 2093 securitatis
1311 2043 1395 2091 effe
1422 2043 1572 2090 solici-

286 2116 408 2164 tum?
427 2117 564 2163 Causa
581 2130 722 2182 autern
739 2117 844 2164 haec
858 2117 917 2163 est
928 2153 940 2174 ,
960 2118 1082 2181 quod
1100 2118 1247 2164 inanes
1264 2116 1465 2162 omnium
1482 2117 1570 2162 bo-

285 2205 447 2235 norum
468 2189 636 2247 sumus,
652 2207 843 2254 quorum
862 2191 908 2236 in
928 2189 1013 2238 fine
1031 2192 1144 2238 vitae
1162 2189 1377 2237 desiderio
1396 2189 1571 2235 labora-

230 2262 237 2267 ’
287 2276 397 2309 mus.
416 2262 523 2308 Non
540 2263 656 2309 enim
678 2263 794 2325 apud
807 2279 890 2310 nos
910 2281 1007 2326 pars
1018 2265 1110 2312 eius
1124 2265 1207 2311 ulla
1226 2263 1422 2312 subsedit.
1434 2261 1571 2308 trans-

285 2333 410 2381 missa
436 2335 521 2394 est,
547 2351 591 2383 et
620 2336 802 2383 effluxit.
836 2338 986 2384 Nemo
1011 2354 1140 2403 quam
1169 2340 1281 2386 bene
1311 2337 1467 2393 vivat,
1497 2335 1574 2387 sed

285 2415 420 2471 quam
439 2410 534 2468 diu,
555 2422 675 2457 curat
695 2427 706 2456 =
726 2428 823 2458 curn
845 2411 1050 2460 omnibus
1066 2409 1198 2477 possit
1215 2411 1495 2476 contingere,
1521 2419 1570 2457 ut

286 2479 400 2530 bene
412 2482 598 2541 vivant3
616 2496 665 2532 ut
681 2485 782 2543 diu,
806 2484 926 2534 nulli.
