1797 2956
288 184 375 230 232
523 170 898 217 L.ANNAE1
951 172 1300 222 SENECAE

284 274 411 337 pretii
440 275 548 321 sunt.
574 278 620 321 In
650 277 804 324 oculos
831 294 948 325 nunc
970 280 1075 326 mihi
1097 298 1245 328 manus
1265 283 1445 331 intentat
1461 284 1558 344 ille,

281 351 360 412 qui
390 350 592 397 omnium
618 351 821 408 animun}
839 352 1031 400 aestimat
1057 371 1109 400 ex
1133 355 1210 401 suo
1233 393 1246 413 ‚
1271 358 1394 419 quod
1413 358 1556 405 dicam

281 421 402 483 paria
434 421 551 470 bona
585 421 673 467 effe
703 421 883 469 adversa
907 424 1078 471 fortiter
1104 429 1314 488 portantis
1332 461 1345 483 ‚
1376 442 1418 475 et
1452 447 1557 492 pro.-

281 494 404 555 ¹spera
423 494 600 540 honeste
618 495 842 544 iudicantis
866 513 876 543 :
897 499 1016 560 quod
1036 499 1176 547 dicam
1201 502 1315 563 paria
1341 503 1455 548 bona
1474 503 1558 549 effe

281 566 380 612 eius.
402 567 479 629 qui
502 566 774 629 triumphat,
808 582 850 615 et
878 571 971 616 eius
1001 571 1075 633 qui
1104 585 1200 618 ante
1229 591 1403 620 currum
1436 576 1559 622 vehi-

283 650 382 694 tur,
408 638 598 686 invichis
624 641 788 687 animo.
820 642 927 687 Non
959 655 1114 704 putant
1141 644 1257 690 enim
1280 645 1402 704 fieri,
1429 648 1560 710 quid-

280 711 389 773 quid
412 710 555 758 facere
588 730 678 759 non
710 713 911 775 poffum:
936 731 987 760 ex
1011 715 1260 764 infirmitate
1283 718 1352 764 sua
1382 721 1435 765 de
1461 722 1558 766 vir-

282 793 373 829 tute
408 782 554 830 ferunt
584 783 849 833 sententiam⁸
881 788 1003 847 Quid
1036 789 1230 847 miraris,
1276 789 1306 835 fi
1341 791 1430 846 uri,
1464 792 1560 838 vul-

280 857 421 902 nerari
435 893 449 913 ‚
481 858 652 916 occidi,
673 859 835 921 alligari
855 859 1004 916 iuvat,
1024 861 1259 924 aliquando
1277 863 1402 909 etiam
1425 864 1559 910 libet?

282 929 526 976 Luxurioso
554 930 774 994 frugalitas
796 949 938 994 poena
960 934 1019 979 est
1035 970 1048 992 ‚
1081 952 1208 998 pigro
1236 936 1435 998 supplicii
1456 937 1562 983 loco

283 1003 408 1048 labor
424 1004 484 1049 est
502 1041 514 1059 ‚
536 1006 741 1052 delicatus
759 1006 983 1053 miseretur
1010 1008 1229 1065 industrii,
1248 1008 1462 1056 ‹le-fidioso
1481 1009 1564 1056 stu-

282 1075 387 1120 dere
411 1076 610 1136 torqueri
639 1076 713 1122 est.
743 1079 912 1124 Eodem
937 1080 1077 1126 modo
1096 1081 1230 1138 haec,
1257 1084 1311 1128 ad
1328 1099 1438 1146 quae
1459 1099 1562 1128 om·-

282 1164 359 1194 nes
382 1147 590 1194 imbecilli
621 1148 789 1205 sumus,
820 1151 925 1197 dura
956 1165 1087 1215 atque
1116 1152 1390 1200 intoleranda
1416 1154 1562 1201 credi-

285 1238 406 1278 mus,
436 1222 565 1269 obliti
596 1240 725 1286 quam
752 1225 899 1271 multis
929 1238 1197 1271 tormentum
1225 1227 1273 1274 fit
1302 1227 1410 1274 vino
1438 1244 1562 1275 care-

283 1313 354 1355 re,
386 1309 458 1344 aut
485 1298 625 1358 prima
653 1297 747 1343 luce
778 1297 973 1345 excitari.
1014 1300 1118 1345 Non
1142 1299 1219 1346 ista
1251 1300 1441 1348 difficilia
1467 1301 1564 1349 sunt

285 1382 461 1427 natura,
483 1369 555 1416 sed
582 1386 662 1416 nos
691 1369 814 1416 fluidi
841 1384 885 1417 et
912 1388 1109 1418 enerves.
1142 1375 1307 1436 Magno
1331 1373 1480 1419 animo
1508 1374 1564 1420 de

283 1445 413 1493 rebus
438 1444 606 1507 magnis
633 1444 912 1491 iudicandum
946 1446 1034 1492 est:
1061 1447 1227 1510 alioqui
1255 1446 1475 1495 videbitur
1505 1447 1562 1493 il-

285 1520 422 1568 larum
458 1519 615 1566 vitium
639 1520 730 1567 effe
759 1521 884 1583 quod
917 1520 1112 1567 nostrum
1144 1522 1216 1568 est.
1250 1522 1319 1569 Sic
1350 1523 1561 1584 quaedam

287 1592 538 1649 rectiffima,
559 1610 658 1639 cum
678 1594 722 1638 in
750 1611 903 1656 aquam
924 1594 1102 1641 demissa
1123 1594 1237 1653 sunt,
1258 1596 1445 1657 speciem
1465 1613 1564 1643 eur-

287 1666 335 1714 vi
377 1665 693 1729 praefractique
730 1666 964 1713 visentibus
1003 1668 1202 1713 reddunt.
1251 1668 1355 1711 Non
1395 1680 1563 1714 tantum

285 1738 392 1796 quid
421 1738 597 1796 videas,
618 1738 687 1785 sed
707 1738 1079 1799 quemadmodum
1094 1774 1107 1794 ‚
1128 1736 1273 1783 refert.
1293 1737 1460 1784 animus
1480 1754 1563 1784 no-

286 1797 372 1859 ster
403 1813 456 1857 ad
488 1827 596 1858 veta
629 1809 923 1871 perspicienda
956 1809 1121 1871 caligat.
1159 1809 1234 1854 Da
1259 1809 1365 1854 mihi
1393 1809 1563 1856 adoles-

287 1896 462 1932 centem
478 1884 802 1944 incorruptum‚
820 1895 862 1928 et
886 1882 1061 1945 ingenio
1082 1894 1287 1945 vegetum
1303 1914 1317 1936 ‚
1340 1882 1452 1929 dicet
1471 1882 1562 1927 for-

288 1958 552 2006 tunatiorem
573 1957 650 2003 fibi
674 1956 839 2011 videri,
862 1956 937 2018 qui
956 1956 1103 2001 omnia
1121 1972 1265 2000 rerum
1286 1956 1564 2002 adversarum

289 2049 429 2080 onera
453 2031 591 2093 rigida
623 2030 797 2078 cervice
832 2029 1040 2085 sustollit,
1077 2029 1151 2091 qui
1183 2027 1310 2090 supra
1344 2027 1564 2081 fortunam

291 2105 438 2152 exstat.
475 2105 580 2151 Non
617 2104 775 2150 mirum
799 2102 860 2149 est
878 2138 892 2159 ,
926 2103 970 2148 in
997 2100 1306 2163 tranquillitate
1335 2117 1425 2146 non
1458 2117 1568 2147 con-v

290 2178 381 2224 cuti
411 2195 421 2223 τ
448 2177 553 2223 illud
583 2177 765 2231 mirare,
797 2176 858 2222 ibi
884 2176 1035 2222 extolli
1060 2174 1245 2238 aliquem
1263 2210 1276 2231 ‚
1306 2174 1381 2219 ubi
1410 2189 1567 2220 omnes

292 2251 625 2313 deprimuntur3
653 2249 712 2295 ibi
738 2248 869 2305 stare,
893 2249 967 2295 ubi
993 2264 1145 2294 omnes
1170 2248 1325 2293 iacent.
1353 2247 1475 2307 Quid
1504 2245 1567 2293 est

292 2324 338 2371 in
363 2324 620 2379 tormentis,
649 2323 757 2385 quid
785 2322 845 2368 est
871 2321 915 2367 in
945 2321 1036 2367 aliis
1063 2336 1172 2383 quae
1206 2317 1386 2365 adversa
1413 2317 1565 2380 appel-

292 2398 458 2452 lamus,
490 2395 621 2442 mali?
655 2395 771 2449 hoc,
806 2410 852 2440 ut
879 2394 1065 2454 opinor,
1097 2392 1316 2439 succidere
1342 2402 1529 2435 mentem
1551 2424 1566 2445 ,

293 2478 337 2520 et
360 2467 614 2524 incurvari,
634 2480 677 2513 et
703 2465 984 2517 succumbere
1007 2482 1017 2511 :
1038 2480 1227 2528 quorum
1252 2462 1359 2511 nihil
1386 2460 1567 2525 sapienti

1763 787 1767 821 d.
1762 731 1767 764 „a
1756 458 1772 718 ..φρ-,μήκη
1758 380 1763 425 ,..-
1756 303 1761 350 Α.,-.

1758 1070 1779 1511 (μιῆς-,αοιωιῇ-ω-ο-μ-..ἑᾈ
1764 1019 1766 1022 -
1764 944 1768 988 ..22
1766 896 1777 924 ‚2
1774 837 1775 860 μ

1767 1638 1775 1656 s

1768 1722 1781 1922 ..„--a-u-—·--
1771 1678 1776 1693 <-
