1807 3004
588 208 1163 256 EPISTOLAE.
1420 208 1504 256 281

234 335 288 365 na
313 331 382 365 tua
407 317 535 380 poffit
565 316 752 373 sublabi,
783 330 824 363 et
848 316 892 362 in
924 316 966 363 se
995 333 1150 372 ruere,
1175 331 1228 361 an
1251 314 1338 363 hoc
1364 315 1510 362 excel·

234 390 323 435 sum
352 404 560 435 cacumen
588 403 629 434 et
658 387 944 448 conspicuum
977 405 1055 449 per
1077 387 1185 435 vasti
1217 388 1346 433 maris
1376 387 1509 448 spatia

234 463 424 508 detrahat
451 461 609 506 affidua
640 461 708 507 vis
733 462 931 522 ignium,
964 460 1109 508 nescio
1139 478 1150 506 ε
1181 461 1388 506 virtutem
1419 477 1509 506 non

233 534 428 589 flamma,
460 549 550 578 non
578 533 700 579 ruina
731 533 1052 578 inferit.saddu
1047 547 1123 578 ..et
1154 533 1273 578 Haec
1301 548 1386 577 una
1415 521 1538 576 rna-³

231 606 351 652 iestas
380 606 564 667 deprimi
596 606 708 651 nete}
702 618 749 663 t,
781 622 858 651 nec
883 605 1020 665 przofe
1023 605 1070 651 ···i
1099 606 1230 661 ultra,
1256 620 1335 649 nec
1354 603 1509 650 referri

230 678 383 740 potest.
402 679 469 723 Sic
497 678 622 724 buius
639 714 650 732 ‚
670 694 716 723 ut
736 678 986 722 coelestium
1006 713 1019 732 ,
1046 677 1147 722 stata
1164 676 1418 739 magnitudo
1436 674 1508 721 est.

232 750 298 794 Ad
328 750 437 796 hanc
462 766 541 795 nos
567 767 780 796 conemur
800 752 999 795 educere.
1029 751 1114 794 iam
1147 751 1331 794 multum
1361 748 1511 809 operis

229 822 433 868 effeesshun
456 824 539 879 est,
565 825 704 868 immo
726 823 755 868 fi
789 840 943 868 verum
973 822 1094 869 fateri
1113 825 1245 878 volo,
1275 838 1366 866 non
1390 821 1507 867 mul-

226 908 334 941 tum.
365 897 456 942 Nec
486 896 602 941 enim
638 897 807 941 bonitas
828 895 911 950 est,
942 896 1128 957 peffimis
1154 896 1237 941 esse
1265 895 1506 941 meliorem.

229 970 340 1028 Quis
365 971 503 1016 oculis
523 969 759 1031 glorietur,
793 970 868 1030 qui
890 969 1159 1030 suspicentur
1179 969 1326 1025 diem,
1350 967 1507 1029 quibus

227 1041 287 1087 sol
315 1057 391 1101 per
421 1041 649 1097 calioinem
687 1040 906 1102 splendet?
942 1041 1041 1086 licet
1072 1055 1304 1086 contentus
1334 1038 1506 1083 interim

171 1128 176 1130 ·
230 1112 277 1157 fit
305 1112 497 1174 effugiffi
529 1114 750 1169 tenebras,
780 1114 918 1158 adhuc
940 1129 1031 1157 non
1055 1112 1215 1158 fruitur
1239 1115 1364 1158 bono
1385 1112 1505 1158 lucis.

227 1183 356 1230 Tunc
392 1184 561 1229 animus
599 1184 742 1230 noster
773 1185 946 1231 habebit
971 1185 1093 1247 quod
1129 1185 1365 1247 gratuletur
1399 1181 1508 1239 sibi,

228 1273 327 1303 cum
358 1255 532 1302 emissus
561 1256 627 1302 his
650 1257 866 1312 tenebris,
890 1256 933 1301 in
960 1257 1118 1319 quibus
1139 1257 1384 1309 volutatur,
1414 1270 1506 1299 non

226 1328 347 1373 tenui
372 1327 466 1373 visu
494 1327 604 1372 clara
626 1328 871 1388 prospexit,
904 1328 974 1373 sed
1002 1340 1142 1372 totum
1174 1327 1289 1373 diem
1318 1325 1505 1371 admise-

227 1402 306 1458 rit,
337 1414 378 1446 et
399 1402 590 1445 redditus
619 1401 746 1446 coelo
774 1403 851 1446 suo
887 1399 1044 1456 fuerit,
1077 1417 1174 1446 cum
1200 1399 1413 1461 receperit
1434 1399 1504 1443 lo-

227 1490 325 1519 cum
340 1509 351 1529 ‚
371 1490 499 1534 quem
522 1473 758 1533 occupavit
777 1483 888 1517 torte
912 1473 1123 1518 nascendi⁴
1143 1472 1318 1520 Sursum
1341 1485 1502 1517 vocant

226 1544 347 1589 illum
368 1543 486 1589 initia
507 1543 591 1589 sua.
611 1543 705 1590 Erit
724 1558 864 1590 autem
887 1545 973 1589 illic
989 1577 1003 1594 ‚
1025 1546 1150 1590 etiam
1171 1559 1401 1604 antequam
1421 1543 1504 1588 hae

226 1616 420 1662 custodia
440 1617 713 1671 exsolvatur,
748 1634 847 1664 cum
876 1617 980 1662 vitia
1010 1616 1253 1673 disiecerit,
1280 1614 1501 1677 purusque

225 1704 273 1734 ac
297 1688 402 1734 levis
427 1688 472 1733 in
502 1689 790 1750 cogitationes
823 1689 998 1735 divinas
1018 1689 1259 1735 emicuerit.
1290 1689 1391 1734 Hoc
1420 1703 1502 1733 nos

225 1771 402 1820 oportet
431 1777 583 1822 agere,
621 1761 758 1807 Lucili
787 1762 1026 1817 carissime‚
1057 1761 1103 1806 in
1134 1761 1220 1806 hoc
1247 1759 1308 1805 ire
1332 1759 1502 1820 impetu

226 1842 349 1887 toto,
379 1832 479 1876 licet
498 1830 623 1892 pauci
652 1831 810 1884 sciant,
839 1830 939 1876 licet
963 1847 1094 1876 nemo
1119 1829 1280 1877 videat.
1315 1828 1500 1885 Gloria,

224 1904 375 1947 umbra
406 1902 580 1947 virtutis
609 1901 667 1947 est
693 1920 703 1947 :
736 1903 864 1947 etiam
894 1902 1055 1947 invitos
1089 1901 1380 1948 comitabitur.
1411 1901 1494 1947 Sed

223 1973 593 2035 qtismadmoclum
612 1974 845 2034 aliquando
865 1975 1016 2020 umbra
1038 1975 1271 2031 antecedit,
1300 1975 1496 2036 aliquan-

224 2046 282 2090 do
311 2045 533 2107 sequitur:
565 2046 620 2090 ita
649 2048 786 2108 gloria
814 2047 1047 2109 aliquando
1075 2063 1174 2092 ante
1206 2064 1285 2094 nos
1311 2047 1393 2105 est,
1428 2047 1495 2094 vi-

223 2117 483 2178 sendamque
511 2117 552 2163 se
575 2119 772 2178 praebet,
792 2119 1022 2180 aliquando
1043 2118 1084 2163 in
1111 2119 1263 2165 averso
1288 2119 1368 2173 est,
1401 2135 1495 2164 ma·

223 2191 377 2251 iorque
397 2206 486 2251 quo
514 2190 669 2245 serior,
693 2191 762 2236 ubi
792 2191 959 2238 invidia
978 2192 1151 2238 seceffit.
1185 2194 1406 2252 Quamdiu
1426 2191 1495 2239 vi-

223 2263 404 2308 debatur
434 2262 578 2308 furere
609 2264 929 2309 Democritus?
966 2265 1043 2310 vix
1075 2266 1236 2327 recepit
1270 2267 1494 2312 Socratem

221 2334 350 2381 sama.
373 2336 597 2395 Quamdiu
616 2337 832 2383 Catonem
855 2338 1005 2384 civitas
1024 2338 1272 2400 ignoravit?
1305 2337 1493 2400 respuit:

222 2423 303 2452 nec
337 2406 573 2464 intellexit,
604 2407 677 2452 nisi
704 2425 800 2453 cum
832 2409 1033 2470 perdidit.
1062 2410 1216 2457 Rutilii
1244 2410 1494 2457 innocentia

218 2495 270 2526 ac
297 2480 431 2531 virtus
453 2480 626 2538 lateret,
654 2481 730 2526 nisi
751 2482 980 2544 accepiss'et
1000 2482 1234 2530 iniuriam:
1259 2483 1363 2531 dum
1390 2482 1491 2530 vio·-
