1797 2956
370 164 465 211 390
628 151 677 197 L.
718 150 1007 196 ANNAE1
1052 151 1389 198 SENECAE

368 255 622 317 promiserat
644 257 743 302 :secl
771 257 937 303 nullum
966 273 1056 302 non
1085 272 1289 321 tanquam
1323 259 1527 306 ultimum
1563 260 1640 307 ad-

368 329 496 390 spexi.
517 329 640 388 Quid
670 345 739 374 me
757 328 1015 392 interrogas,
1035 332 1214 392 quando
1235 343 1357 378 natus
1376 333 1481 379 fim?
1501 350 1553 379 an
1574 333 1641 380 in-

365 412 430 448 ter
460 402 652 449 iuniores
685 400 825 448 adhuc
859 403 1060 449 censear?
1091 403 1233 450 habeo
1270 422 1429 452 meum.
1466 408 1640 466 Quem-

366 475 607 520 admodum
635 474 680 520 in
701 475 872 521 minore
896 475 1101 538 corporis
1129 476 1276 524 habitu
1297 513 1308 536 ‚
1331 479 1471 540 potest
1499 480 1640 524 homo

362 546 446 591 effe
486 546 704 606 perfectus
736 564 746 592 :
776 547 832 594 fic
863 560 905 594 et
935 548 979 593 in
1014 549 1186 595 minore
1221 552 1432 613 temporis
1468 552 1637 606 modo,

361 617 501 679 potest
536 619 620 664 effe
659 619 748 667 vita
784 620 985 680 perfecta.
1041 624 1168 668 Aetas
1203 621 1315 668 inter
1349 635 1522 670 externa
1562 623 1635 670 est.

358 691 583 748 Quamdiu
611 693 684 737 fim
702 728 712 744 ‚
732 693 915 740 alienum
940 694 999 740 est
1022 712 1031 739 :
1052 695 1261 757 quamdiu
1287 695 1355 742 vir
1380 696 1521 742 bonus
1542 697 1637 754 fim,

358 780 502 809 meum
534 764 605 810 est.
648 767 747 811 Hoc
772 783 793 811 a
823 783 892 812 me
918 768 1072 830 exige,
1103 784 1155 813 ne
1184 768 1308 814 velut
1336 785 1413 830 per
1439 770 1639 816 tenebras

355 853 515 883 aevum
547 837 739 899 ignobiie
772 840 950 885 emetiar
978 858 988 886 ε
1021 852 1068 886 ut
1108 857 1232 901 agam
1270 840 1432 896 vitam,
1467 858 1557 888 non
1591 856 1638 890 ut

355 912 678 971 praetervehar.
732 913 920 971 Quaeris
953 915 1075 976 quod
1107 913 1155 961 fit
1180 913 1486 975 amplissimum
1519 915 1636 961 vitae

355 983 571 1045 spatium?
599 985 734 1046 usque
765 985 818 1030 ad
845 985 1092 1047 sapientiam
1123 985 1287 1033 vivere.
1318 985 1411 1045 Qui
1433 986 1487 1032 ad
1514 987 1636 1035 illam

355 1060 554 1118 pervenit
571 1093 583 1113 ‚
605 1056 745 1120 attigit
777 1073 867 1102 non
897 1058 1194 1120 longiffimum
1225 1057 1384 1114 finem,
1404 1058 1475 1104 sed
1494 1059 1635 1106 maxi-

355 1144 490 1175 mum.
520 1128 593 1173 Ille
618 1143 730 1174 vero
750 1127 963 1189 glorietur
994 1129 1219 1183 audacter,
1246 1144 1289 1174 et
1316 1128 1397 1174 diis
1422 1143 1519 1191 agat
1538 1146 1636 1192 gra-

354 1200 430 1247 tias
460 1218 470 1246 τ
499 1201 698 1259 interque
728 1216 835 1255 eos,
863 1199 940 1245 sibi
972 1215 1014 1246 et
1040 1217 1182 1245 rerum
1217 1210 1393 1246 naturae
1424 1200 1635 1263 imputet,

354 1275 476 1337 quod
497 1273 593 1320 fuit.
629 1274 793 1319 Merito
813 1273 930 1319 enim
952 1272 1181 1335 imputabit
1203 1289 1214 1318 z
1242 1271 1470 1318 meliorem
1488 1273 1548 1319 illi
1568 1275 1636 1320 vi-

354 1358 440 1391 tam
471 1345 685 1401 reddidit,
714 1361 847 1408 quam
877 1358 1116 1407 acceperat.
1150 1345 1382 1406 Exemplar
1408 1345 1513 1391 boni
1548 1347 1633 1394 viri

355 1416 526 1478 posuit:
546 1417 682 1479 qualis
711 1430 989 1479 quantusque
1012 1417 1113 1463 effet
1139 1416 1326 1463 ostendit
1345 1435 1357 1464 ε
1380 1417 1411 1463 fi
1429 1418 1536 1481 quid
1555 1419 1633 1464 ad-

352 1487 542 1545 iecisset,
566 1487 709 1534 fuifl'et
729 1488 864 1534 fimile
886 1488 1137 1550 praeterito.
1163 1491 1216 1534 Et
1237 1501 1381 1535 tamen
1408 1487 1636 1552 quousque

354 1562 587 1610 vivimus?
624 1562 824 1608 omnium
862 1578 1010 1608 rerum
1043 1562 1302 1626 cognitione
1329 1562 1450 1609 fruiti
1479 1562 1635 1610 sumus.

355 1636 526 1682 Scimus
545 1650 569 1679 a
587 1633 744 1696 quibus
761 1634 1012 1697 principalis
1031 1647 1182 1681 natura
1209 1635 1250 1682 se
1275 1635 1467 1693 attollat,
1485 1651 1634 1698 quem-

355 1707 597 1756 admodum
618 1708 793 1754 ordinet
819 1708 1029 1753 mundum
1045 1743 1059 1764 ‚
1087 1725 1163 1770 per
1193 1724 1298 1770 quas
1317 1708 1440 1754 vices
1466 1723 1630 1754 annum

354 1793 566 1836 revocet,
593 1781 968 1844 quemadmodum
990 1781 1138 1827 omnia
1159 1798 1268 1845 quae
1295 1780 1477 1844 usquam
1495 1795 1633 1840 erant,

355 1854 552 1911 cluserit,
580 1869 622 1900 et
648 1853 825 1916 seipsam
860 1853 922 1900 sui
952 1852 1084 1900 finem
1109 1854 1277 1901 fecerit.
1303 1853 1500 1908 Scimus,
1524 1852 1634 1900 fide-

354 1943 401 1974 ra
428 1926 593 1987 impetu
625 1924 702 1970 suo
737 1925 896 1971 vadere
925 1944 935 1971 :
965 1939 1133 1987 praeter
1162 1938 1321 1971 terram
1344 1924 1457 1970 nihil
1490 1923 1598 1971 stare
1617 1959 1632 1981 ,

356 2014 499 2046 cetera
529 1998 736 2045 continua
758 1999 993 2046 velocitate
1022 1998 1268 2045 decurrere.
1293 1998 1461 2045 Scimus
1479 2015 1633 2061 quem-

357 2071 597 2118 admodum
627 2071 760 2118 solem
790 2073 887 2118 luna
912 2084 1149 2134 praetereat
1170 2089 1181 2118 t
1201 2087 1334 2134 quare
1361 2070 1527 2118 tardior
1554 2088 1630 2118 ve—

355 2144 572 2191 lociorem
606 2143 702 2206 post
728 2145 769 2191 se
798 2145 1041 2207 relinquat:
1077 2145 1314 2207 quomodo
1339 2144 1485 2189 lumen
1513 2142 1634 2190 acci·

355 2215 474 2277 piat,
493 2228 566 2262 aut
593 2216 775 2278 perdat:
795 2232 908 2279 quae
935 2217 1055 2263 causa
1082 2216 1258 2262 inducat
1282 2215 1454 2261 noctem
1474 2248 1488 2271 ,
1520 2229 1632 2276 quae

356 2287 536 2334 reducat
562 2288 691 2334 diem.
722 2287 823 2333 Illuc
840 2287 1032 2334 eundum
1051 2286 1111 2334 est
1126 2323 1140 2344 ,
1164 2287 1239 2333 ubi
1261 2286 1335 2333 ista
1354 2285 1536 2349 propius
1556 2285 1633 2331 ad·-

357 2356 523 2419 spicias.
545 2375 626 2406 nec
656 2358 737 2404 hac
766 2358 1037 2421 spe‚'5nquit
1061 2359 1227 2421 sapiens
1255 2358 1353 2416 ille,
1376 2357 1532 2404 fortius
1554 2372 1633 2402 ex-

357 2446 440 2489 e0,
457 2433 577 2496 quod
597 2445 745 2496 patere
766 2432 873 2480 mihi
891 2432 945 2479 ad
969 2432 1079 2480 deos
1101 2447 1225 2481 meos
1247 2430 1329 2480 iter
1345 2429 1508 2481 iudico.
1532 2429 1631 2477 Me-
