1807 3004
528 163 1101 210 EPISTOLAE.
1357 180 1444 226 337

180 292 235 324 na
257 274 374 332 sunt,
403 272 606 320 fiduciam
634 271 828 318 faciunt:
855 270 1030 318 divitiae
1056 269 1294 316 audaciam.
1324 273 1448 331 Quae

179 352 297 397 bona
314 351 408 396 sunt
425 384 438 405 ‚
468 347 808 410 magnitudinem
830 346 960 392 animi
984 347 1113 392 dant:
1138 345 1315 392 divitiae
1334 347 1449 394 inso-

179 424 370 470 lentiam.
399 421 520 467 Nihil
543 434 684 466 autem
703 420 819 466 aliud
839 419 899 466 est
918 419 1140 465 insolentia
1161 452 1174 473 ,
1205 437 1331 483 quam
1354 418 1450 482 spe-

181 498 267 544 cies
287 495 593 558 magnitudinis
608 494 720 541 falsa.
741 494 823 539 lsto
839 495 976 540 modo
992 527 1006 548 ‚
1026 494 1166 557 inquis
1181 530 1194 550 ‚
1213 495 1342 540 etiam
1363 512 1452 539 ma·

180 569 270 614 lum
292 567 384 612 sunt
407 567 585 612 divitiae
601 601 612 623 ,
639 583 729 610 non
750 578 915 611 tantum
936 567 1100 611 bonum
1130 584 1219 613 non
1239 567 1345 614 sunt.
1371 571 1450 616 Es-

182 641 273 687 sent
291 640 449 686 malum
464 675 477 697 ,
503 639 531 684 si
557 656 634 701 per
658 639 699 685 se
718 655 946 694 nocerent,
972 640 999 684 fi
1020 639 1090 703 (ut
1110 640 1223 704 dixi)
1245 642 1453 692 haberent

181 713 435 759 efficientem
468 712 664 757 causam:
701 726 815 757 nunc
847 713 1174 772 praecedentem
1201 713 1384 772 habent,
1409 727 1453 762 et

182 786 359 848 quidem
379 801 469 830 non
486 784 719 830 irritantem
746 796 909 829 tantum
931 783 1101 830 animos
1116 822 1127 839 ‚
1147 786 1216 831 sed
1236 788 1452 833 attrahen-

182 871 284 904 tem.
311 858 508 920 Speciem
541 859 656 903 enim
684 858 789 903 boni
817 857 1046 903 ostendunt
1070 860 1343 905 verisimilem
1361 897 1373 917 ‚
1404 879 1453 908 ac

183 931 401 993 plerisque
430 930 691 977 credibilem.
737 929 878 975 Habet
904 931 1040 976 virtus
1072 947 1250 994 quoque
1279 949 1456 994 praece-

186 1004 360 1048 dentem
380 1004 563 1058 causam,
584 1004 636 1047 ad
653 1002 888 1049 invidiam:
907 1001 1051 1047 multis
1069 1003 1183 1047 enim
1200 1019 1379 1065 propter
1393 1006 1455 1051 sa-

186 1076 390 1138 pientiam
412 1111 424 1130 ,
443 1075 586 1121 multis
603 1086 782 1137 propter
805 1074 1005 1120 iustitiam
1025 1074 1268 1121 invidetur:
1290 1077 1360 1123 sed
1372 1096 1455 1126 nec

186 1166 241 1195 ex
256 1147 296 1193 se
311 1149 419 1193 hanc
432 1148 596 1194 cautam
614 1148 753 1204 habet,
768 1165 846 1194 nec
858 1147 1150 1194 verisimilem.
1161 1150 1324 1196 Contra
1339 1153 1454 1199 enirn

187 1219 464 1266 vei-itimilior
483 1220 553 1266 illa
582 1219 744 1281 species
766 1220 994 1266 hominum
1026 1222 1180 1267 animis
1206 1223 1409 1270 obiicitur
1432 1243 1458 1272 a

190 1291 368 1348 virtute,
386 1309 496 1354 quae
512 1293 608 1338 illos
626 1293 670 1338 in
685 1309 877 1338 amorem
897 1309 940 1340 et
958 1294 1286 1342 admirationem
1310 1312 1458 1346 vocet.

191 1364 446 1411 Posidonius
466 1364 521 1411 fic
542 1365 895 1428 interrogandum
917 1365 973 1410 ait
993 1383 1002 1411 :
1032 1367 1157 1425 Quae
1175 1384 1315 1430 neque
1338 1387 1460 1433 mag-

191 1436 434 1483 nitudinem
468 1437 614 1483 animo
644 1437 775 1492 dant,
809 1452 887 1482 nec
922 1435 1122 1482 fiduciam
1145 1471 1158 1494 ‚
1188 1456 1267 1486 nec
1302 1441 1460 1488 securi-

191 1523 321 1556 tatem
337 1545 350 1567 ,
371 1514 459 1554 non
485 1509 579 1555 sunt
609 1510 723 1555 bona
743 1527 752 1554 :
775 1509 952 1555 divitiae
980 1524 1121 1555 autem
1138 1543 1151 1565 ‚
1175 1524 1216 1558 et
1238 1514 1354 1559 bona
1374 1532 1458 1561 va-

190 1586 338 1632 letudo
355 1617 368 1639 ‚
389 1599 430 1630 et
449 1583 598 1630 similia
619 1583 683 1630 his
697 1619 710 1641 ,
728 1583 835 1629 nihil
855 1584 1011 1628 horum
1031 1584 1193 1630 iaciunt
1212 1603 1222 1630 :
1241 1603 1347 1649 ergo
1369 1605 1460 1636 non

192 1660 285 1706 sunt
315 1660 444 1705 bona.
483 1660 605 1704 Hanc
633 1657 1024 1719 interrogationem
1061 1660 1194 1722 magis
1222 1662 1459 1710 etiamnum

192 1732 279 1778 hoc
299 1733 436 1777 modo
456 1731 642 1777 intendit
665 1748 675 1776 :
695 1732 824 1789 Quae
848 1747 988 1792 neque
1008 1733 1347 1793 magnitudinem
1367 1737 1461 1783 ani-

193 1819 268 1849 mo
287 1804 388 1849 dant
404 1840 417 1859 ‚
450 1820 528 1849 nec
550 1801 750 1847 fiduciam
766 1837 779 1859 ‚
802 1818 880 1848 nec
906 1802 1199 1861 securitatem,
1225 1821 1377 1852 contra
1395 1825 1465 1855 au-

192 1888 279 1922 tem
301 1875 588 1930 insolentiam,
607 1886 840 1930 tumorem,
857 1875 1147 1936 arrogantiam
1171 1891 1333 1936 creant,
1353 1881 1462 1927 mala
1508 1880 1511 1883 ’

195 1948 290 1995 sunt
320 1966 330 1994 :
362 1965 384 1993 a
418 1945 611 2017 fortuitis
640 1959 782 1992 autem
814 1945 857 1990 in
888 1946 993 1993 haec
1023 1947 1287 2010 impellimur
1318 1969 1328 1997 :
1355 1969 1464 2015 ergo

198 2039 286 2067 non
317 2021 411 2066 sunt
435 2020 563 2066 bona.
598 2020 722 2075 Hac,
754 2019 922 2080 inquit,
950 2020 1119 2066 ratione
1144 2038 1199 2067 ne
1229 2027 1466 2072 commoda

195 2093 371 2156 quidem
395 2093 470 2138 ista
497 2106 644 2140 erunt.
673 2092 767 2139 Alia
797 2091 857 2138 est
874 2095 1213 2140 commodorum
1241 2099 1465 2159 conditio,

196 2167 280 2212 alia
304 2167 538 2212 bonorum.
568 2165 868 2210 Commodum
888 2163 947 2210 est
964 2200 976 2221 ‚
998 2166 1118 2228 quod
1148 2166 1246 2227 plus
1273 2168 1369 2215 usus
1391 2170 1467 2216 ha·

198 2240 272 2287 bet
300 2255 428 2301 quam
457 2238 676 2284 molestiae
698 2255 708 2283 :
733 2238 899 2283 bonum
919 2273 932 2295 ‚
964 2237 1173 2284 fincerum
1197 2239 1282 2284 effe
1313 2241 1469 2297 debet,

199 2323 243 2357 et
275 2310 328 2355 ab
364 2309 487 2355 omni
523 2320 640 2370 parte
674 2307 917 2355 innoxium.
951 2309 1056 2354 Non
1089 2308 1150 2354 est
1194 2309 1238 2354 id
1270 2309 1436 2357 bonum
1457 2348 1471 2370 ,

197 2382 322 2445 quod
341 2382 432 2443 plus
460 2379 664 2443 prodest:
687 2380 757 2426 sed
782 2380 904 2442 quod
924 2394 1090 2426 tantum
1120 2381 1304 2444 prodest.
1331 2384 1470 2446 Prop-

200 2468 318 2502 terea
340 2454 625 2499 commodum
651 2467 693 2498 et
715 2453 768 2498 ad
793 2452 987 2500 animalia
1008 2454 1225 2515 pertinet,
1256 2467 1296 2503 et
1317 2457 1369 2503 ad
1389 2457 1472 2508 inb

260 2528 306 2573 L.
329 2530 451 2572 Arm.
479 2530 645 2574 Seneca.
679 2529 772 2572 Vol.
793 2527 883 2571 III.
1171 2527 1211 2573 Y
