1807 3004
291 182 352 228 μ
552 168 929 214 tumim-:1
981 167 1336 214 SENECAE

283 289 383 332 cus,
415 289 503 320 non
539 273 622 319 effe
660 274 944 336 negligentiae
977 274 1071 321 suae
1107 273 1294 320 vitium:
1329 271 1479 319 omnia
1511 272 1553 319 se

283 344 426 391 facere
444 380 457 401 ,
481 345 554 391 sed
575 345 724 392 villam
746 359 940 392 veterem
961 345 1059 391 effe.
1082 347 1204 393 Haec
1220 345 1321 391 villa
1342 345 1455 391 inter
1474 362 1555 390 ma-

281 433 361 462 nus
382 433 498 463 meas
518 417 673 463 crevit.
701 416 823 476 Quid
847 416 955 462 mihi
972 415 1169 462 futurum
1196 416 1254 462 est
1270 449 1284 473 ,
1315 417 1344 461 fi
1367 416 1453 462 iam
1473 433 1556 478 pu-

275 489 356 535 tria
388 491 482 537 sunt
509 489 654 536 aetatis
685 505 806 535 meae
835 488 958 535 shxa?
1005 493 1141 536 Iratus
1174 490 1235 535 illi
1255 525 1268 547 ‚
1300 489 1551 552 proximam

278 564 554 611 occasionem
574 562 874 608 stomachandi
897 560 1074 623 arripiO.
1096 566 1312 623 Apparet,
1339 561 1515 624 inquam
1538 591 1553 615 ,

278 637 353 683 has
390 638 584 698 platanos
619 636 794 699 negligi.
829 636 966 681 nullas
1006 635 1165 682 habent
1197 635 1388 682 frondes.
1421 651 1553 698 quam

276 707 431 753 nodosi
462 707 579 763 sunt,
602 718 643 752 et
659 706 862 753 retorridi
883 706 1026 752 rami?
1048 723 1180 769 quam
1199 706 1338 753 tristes
1356 718 1398 753 et
1426 709 1551 768 squa-

272 781 351 826 lidi
377 781 518 826 trunci
538 781 554 826 ?
585 782 684 826 Hoc
711 796 802 826 non
823 780 1042 826 accideret
1061 815 1075 835 ,
1096 780 1126 824 fi
1156 779 1250 842 quis
1269 781 1344 826 has
1364 779 1551 827 circum-

272 851 471 910 foderet‚
501 853 530 898 fi
561 853 770 916 irrigaret.
823 855 937 899 Iurat
969 869 1047 914 per
1082 853 1274 899 Genium
1304 870 1475 910 meum,
1509 854 1552 901 se

271 926 421 971 omnia
440 925 580 972 facere
594 963 605 981 ‚
634 927 677 971 in
691 926 802 971 nulla
821 942 865 971 re
881 925 1036 973 cessare
1049 943 1194 973 curam
1209 925 1326 971 suam
1345 944 1355 972 τ
1371 926 1441 972 sed
1461 926 1552 972 illas

268 999 435 1045 vetuias
460 999 558 1046 effe.
582 1001 719 1059 Quod
740 999 852 1044 inter
878 1015 961 1047 nos
974 998 1048 1055 fit,
1070 1015 1155 1061 ego
1175 998 1268 1045 illas
1296 999 1548 1061 posueram,

267 1089 351 1135 ego
377 1073 546 1119 illarum
569 1074 759 1135 primum
787 1073 985 1120 videram
1015 1071 1186 1118 folium,
1223 1072 1474 1119 Conversus
1495 1071 1549 1117 ad

267 1145 441 1191 ianuam
459 1164 468 1192 :
489 1147 603 1206 Quis
617 1146 677 1191 est
693 1179 706 1203 ,
731 1146 904 1207 inquam
920 1181 933 1203 ‚
950 1143 1025 1191 iste
1044 1144 1314 1207 decrepitus,
1335 1158 1377 1192 et
1390 1145 1550 1191 merito

266 1220 321 1265 ad
338 1218 494 1265 ostium
518 1218 748 1265 admotus?
778 1217 897 1263 foras
917 1218 1033 1264 enim
1061 1217 1234 1279 spefihit.
1259 1220 1390 1266 Unde
1409 1218 1549 1264 istunc

267 1294 417 1339 naCtus
439 1294 514 1339 es?
537 1292 643 1356 quid
664 1304 705 1338 te
727 1291 984 1349 delefflvit,
1004 1291 1192 1338 alienum
1215 1305 1440 1340 mortuum
1459 1292 1548 1338 tol-

263 1366 389 1413 lere?
416 1371 469 1412 At
499 1366 567 1413 ille
594 1384 605 1412 ε
628 1366 736 1412 Non
765 1365 997 1428 cognoscis
1022 1369 1123 1411 me?
1151 1365 1323 1429 inquit:
1347 1381 1434 1429 ego
1454 1364 1546 1411 sum

265 1438 430 1484 Felicio
446 1473 460 1496 ‚
493 1437 563 1484 cui
584 1437 750 1483 solebas
781 1436 976 1498 figillaria
1001 1436 1158 1482 afferre
1179 1454 1190 1481 t
1220 1453 1302 1500 ego
1331 1437 1424 1482 sum
1443 1435 1548 1482 Phi-

263 1510 376 1557 lositi
408 1510 542 1558 vinici
578 1508 730 1562 filius,
755 1507 1008 1555 deliciolum
1041 1520 1180 1555 tuum.
1207 1507 1443 1566 Profefiio,
1475 1508 1544 1553 in—

266 1602 398 1647 quam
417 1620 430 1641 ‚
451 1583 527 1630 iste
555 1583 720 1629 delirat.
747 1582 936 1642 Pupulus
956 1581 1087 1646 etiam
1117 1580 1369 1627 deliciolum
1395 1598 1543 1627 meum

264 1646 399 1705 factus
420 1657 491 1704 est.
519 1656 695 1703 Prorsus
722 1654 862 1717 potest
894 1654 1002 1700 fieri.
1038 1654 1185 1701 dentes
1218 1654 1279 1700 illi
1317 1671 1416 1700 cum
1448 1671 1541 1700 ma-

263 1731 384 1777 xime
421 1731 590 1776 cadunt.
643 1729 804 1775 Debeo
840 1729 927 1774 hoc
967 1729 1216 1774 suburbano
1249 1744 1387 1785 meo,
1421 1728 1542 1792 quod

262 1804 370 1850 mihi
395 1803 586 1849 sene&us
616 1818 738 1859 mea,
783 1818 1049 1865 quocunque
1074 1803 1347 1848 adverteram
1364 1838 1379 1858 ‚
1406 1817 1541 1864 appa-

263 1878 366 1925 ruit.
413 1877 771 1940 Complefflamur
804 1875 948 1931 illam,
984 1890 1027 1922 et
1052 1891 1248 1922 amemus
1277 1893 1289 1921 :
1323 1876 1451 1937 plena
1481 1873 1546 1944 εἷ’(

262 1950 529 2013 voluptatis,
564 1950 594 1995 fi
621 1948 691 1994 illa
729 1947 831 1995 scias
859 1948 935 1994 uti.
975 1947 1220 1994 Gratiffima
1252 1947 1346 1994 sunt
1377 1963 1540 2009 poma,

261 2040 364 2070 cum
395 2022 567 2086 fugiunt
590 2040 600 2067 z
623 2021 835 2084 pueritiae
853 2021 1065 2067 maximus
1086 2022 1129 2066 in
1148 2020 1266 2067 exitu
1289 2022 1428 2067 decor
1447 2021 1507 2070 est
1527 2039 1537 2067 ι

261 2096 434 2142 deditos
450 2095 558 2141 vino
578 2094 748 2157 potatio
769 2105 959 2139 extrema
979 2094 1159 2139 delessat
1171 2128 1184 2148 ‚
1203 2093 1274 2139 illa
1293 2109 1404 2156 quae
1424 2111 1539 2140 mer-

263 2169 325 2231 git
340 2203 352 2224 ,
371 2184 482 2230 quae
506 2166 703 2212 ebrietati
726 2166 938 2212 summam
965 2181 1143 2210 manum
1165 2165 1370 2227 imponit.
1400 2165 1538 2225 Quod

262 2242 309 2287 in
330 2241 370 2287 se
391 2240 745 2287 iucundiffimum
769 2238 914 2284 omnis
939 2239 1145 2300 voluptas
1163 2238 1319 2296 habet,
1342 2239 1385 2283 in
1405 2236 1535 2284 finem

261 2312 326 2360 sui
357 2310 839 2358 differt.1ucundiffima
868 2309 928 2356 est
961 2322 1073 2357 aetas
1102 2309 1273 2357 devexa
1299 2311 1410 2367 iam,
1444 2327 1534 2356 non

260 2398 408 2432 tamen
431 2401 633 2447 praeceps
655 2401 666 2429 τ
694 2396 736 2430 et
766 2383 879 2428 illam
911 2398 1090 2445 quoque
1116 2382 1161 2428 in
1183 2396 1377 2429 extrema
1407 2399 1533 2445 regu·

264 2461 303 2507 la
331 2459 533 2515 stantem,
565 2458 714 2505 iudico
741 2458 900 2504 habere
930 2455 1018 2503 suas
1040 2457 1316 2519 voluptates:
1346 2469 1416 2503 aut
1448 2457 1532 2506 hoc
