1797 2956
390 196 484 241 404
649 184 696 230 L.
748 148 1041 229 mmm
1090 185 1444 232 SENECAE

391 302 434 335 et·
456 289 652 347 fratrem,
676 301 718 335 et
743 289 930 336 amicum
953 290 1173 352 optimum
1198 291 1368 338 saelum.
1394 293 1436 338 Si
1456 293 1672 341 eiusmodi

388 361 622 410 sententiae
636 399 648 421 ,
668 363 939 411 familiariter
952 365 998 410 in
1020 365 1213 410 animum
1231 377 1430 428 receptae
1443 402 1456 424 ‚
1476 365 1669 423 formant

388 451 487 481 eum
513 454 524 481 :
550 453 627 481 cur
647 453 738 482 non
768 436 875 484 haec
900 454 997 500 pars
1017 437 1350 500 philosophiae,
1382 454 1492 500 quae
1517 439 1672 485 talibus

387 508 607 555 sententiis
626 507 794 555 constat
807 545 820 567 ‚
835 509 952 555 idem
966 509 1121 572 poffit?
1145 511 1243 557 Pars
1261 510 1431 558 virtutis
1448 511 1671 574 disciplina

389 580 573 636 constat,
594 598 693 644 pars
711 583 1048 630 exercitatione.
1064 595 1107 630 et
1125 583 1258 630 discas
1275 596 1477 645 oportet,
1491 600 1534 632 et
1547 585 1668 649 quod

386 655 477 700 didi.
467 654 596 713 cisti,
615 656 788 718 agendo
809 655 1058 704 confirmes.
1075 658 1213 717 Quod
1234 656 1293 703 fi
1282 671 1339 703 ita
1355 658 1439 714 est,
1460 675 1549 705 non
1568 671 1667 705 tan·

387 742 484 776 tum
514 730 618 776 scita
646 730 880 792 sapientiae
907 730 1115 793 prosunt,
1156 731 1228 777 sed
1254 732 1382 778 etiam
1411 745 1668 795 praecepta:

388 818 500 865 quae
528 801 705 850 affeStus
728 801 903 849 nostros
928 804 1051 850 velut
1076 803 1222 848 edicto
1252 804 1483 861 coercent,
1511 816 1553 849 et
1574 804 1667 849 alli-

385 888 502 941 gant.
538 876 817 939 Philosophia
836 912 851 933 ,
875 877 1041 938 inquit,
1068 877 1280 922 dividitur
1303 877 1348 922 in
1371 878 1500 935 hacc,
1524 878 1666 924 scien·
1727 872 1729 875 ⁸

386 949 516 1007 tiam,
548 948 798 995 ethahitttm
815 949 962 995 animi.
979 949 1093 996 Nam
1113 949 1179 994 illa
1176 966 1229 994 m
1250 949 1327 1012 qui
1350 949 1524 1007 didicit,
1542 963 1585 996 et
1599 950 1666 996 ta*

386 1022 539 1069 cienda
559 1038 609 1067 ac
629 1020 717 1069 vit?
713 1021 806 1066 nda
825 1022 1042 1102 percepit:
1064 1021 1266 1067 nondum
1289 1019 1454 1083 sapiens
1471 1020 1562 1079 est,
1586 1021 1665 1067 nis1

386 1097 431 1142 in
469 1113 519 1142 ea
550 1111 660 1157 quae
694 1093 808 1140 didit
803 1094 873 1151 it,
909 1094 1078 1140 animus
1109 1094 1200 1140 eius
1228 1093 1561 1156 transfiguratus
1589 1094 1665 1143 est.

386 1167 537 1214 Tertia
551 1182 649 1228 pars
660 1200 671 1222 ,
686 1164 759 1210 ista
772 1158 1091 1227 praecipiendi,
1106 1182 1159 1210 ex
1172 1177 1360 1229 utroque
1373 1166 1450 1224 est,
1465 1182 1507 1213 et
1519 1183 1570 1212 ex
1587 1168 1663 1216 de·

384 1241 530 1295 cretis,
550 1253 592 1286 et
612 1255 665 1284 ex
684 1237 859 1284 habitu:
882 1238 1026 1301 itaque
1044 1237 1310 1299 supervacua
1328 1238 1456 1284 est'ad
1478 1238 1662 1301 implen-

383 1315 482 1360 dam
503 1313 731 1369 virtutem,
755 1327 854 1357 cum
872 1310 963 1357 duo
985 1309 1057 1356 illa
1081 1309 1305 1356 sufficiant.
1337 1310 1421 1357 Isto
1441 1328 1547 1375 ergo
1567 1327 1662 1356 mo-

384 1388 443 1433 do
469 1400 512 1433 et
536 1384 779 1431 consolatio
805 1383 1072 1446 supervacua
1101 1381 1189 1435 est3
1220 1399 1319 1427 nam
1347 1382 1659 1446 haeclquoque

382 1478 437 1508 ex
466 1474 654 1525 utroque
674 1458 764 1505 est:
789 1471 831 1505 et
856 1457 1126 1515 exhortatio,
1154 1470 1196 1504 et
1225 1457 1359 1505 suasio
1377 1494 1390 1516 ,
1416 1469 1460 1525 et
1479 1458 1568 1520 ipsa
1587 1474 1659 1503 ar·-

378 1534 668 1598 gumentatio.
693 1548 791 1577 nam
821 1544 865 1578 et
888 1530 994 1577 haec
1019 1530 1073 1576 ab
1093 1529 1241 1576 habitu
1266 1530 1400 1576 animi
1424 1528 1660 1592 compositi

379 1605 603 1668 validique
628 1602 936 1666 proficiscitur.
967 1602 1051 1647 Sed
1087 1600 1288 1664 quamvis
1317 1600 1391 1647 ista
1422 1618 1477 1648 ex
1511 1600 1662 1647 habitu

378 1677 737 1732 anitiiitveniann
757 1677 954 1738 optimus
968 1676 1104 1722 animi
1122 1675 1292 1722 habitus
1303 1688 1346 1722 et
1362 1693 1416 1722 ex
1433 1675 1498 1722 his
1513 1674 1574 1721 est
1586 1711 1598 1732 ‚
1616 1690 1661 1721 et

378 1769 434 1800 ex
454 1751 547 1798 illis.
577 1750 755 1797 Deinde
781 1748 892 1795 istud
921 1749 1044 1812 quod
1075 1747 1215 1804 dicis,
1245 1747 1331 1792 iam
1363 1745 1662 1809 perfeEti‘viri

376 1826 464 1884 est,
499 1842 548 1873 ac
580 1826 791 1871 summam
821 1821 1047 1871 consecuti
1083 1822 1298 1868 felicitatis
1330 1821 1556 1882 humanae.
1591 1821 1659 1867 Ad

375 1899 463 1947 hoc
492 1914 638 1947 autem
667 1899 789 1946 tarde
819 1897 1076 1960 pervenitur
1097 1914 1107 1943 :
1128 1895 1301 1943 interim
1331 1895 1463 1942 etiam
1494 1896 1660 1959 imper·

377 1972 517 2031 fecto,
553 1974 625 2020 sed
663 1970 941 2035 proficienti,
979 1969 1314 2032 demonstranda
1351 1969 1458 2018 est
1446 1987 1492 2015 m
1527 1970 1658 2019 rebus

373 2045 550 2109 agendis
567 2045 651 2093 via.
670 2047 791 2091 Hanc
812 2043 990 2090 forsitan
1009 2043 1138 2090 etiam
1157 2041 1244 2088 fide
1263 2028 1566 2089 admonitione
1583 2043 1655 2090 da-

372 2088 424 2166 bc?
422 2132 438 2166 t
455 2119 532 2166 fibi
550 2119 640 2182 ipta
658 2117 886 2181 sapientia:
904 2133 1016 2180 quae
1035 2117 1120 2163 iam
1139 2132 1195 2163 eo
1213 2115 1376 2177 perdu
1367 2113 1418 2160 ‚it
1437 2115 1655 2174 animum,

370 2207 418 2239 ut
449 2192 625 2240 moveri
657 2206 872 2254 nequeat,
907 2188 1019 2235 nisi
1009 2206 1054 2234 ln
1088 2181 1655 2235 rectum.1mbecilli0ribus

369 2265 586 2328 quidem
575 2266 796 2329 mgeniis,
824 2262 1109 2311 necessarium
1143 2250 1204 2308 est
1230 2261 1422 2324 aliquem
1453 2259 1652 2322 praeire:

369 2337 472 2386 Hoc
491 2337 673 2395 vitabis,
692 2338 780 2384 hoc
800 2336 948 2384 facies.
978 2336 1226 2392 Praeterea,
1247 2332 1278 2378 fi
1306 2332 1519 2394 exspectat
1538 2343 1651 2378 tem-

366 2428 449 2474 pus
474 2447 488 2467 ‚
527 2429 619 2476 quo
662 2429 740 2475 per
785 2410 827 2457 se
860 2411 986 2465 sciat,
1020 2407 1126 2472 quid
1160 2408 1377 2470 optimum
1416 2405 1532 2452 factu
1561 2405 1645 2451 fit:

365 2486 541 2534 interim
571 2487 758 2543 errabit,
779 2500 822 2533 et
849 2486 1034 2532 errando
1062 2483 1356 2547 impedietur,
1389 2497 1481 2545 quo
1504 2479 1651 2527 minus

1320 2549 1393 2651 'a
