1797 2956
298 178 390 226 266
533 181 582 225 L.
639 177 932 224 ANNAEI
981 176 1335 224 SENECAE

295 287 433 334 claffis
458 287 710 333 adventum.
748 285 988 331 tabellarias
1011 297 1187 332 vocant.
1218 286 1380 331 Gratus
1409 282 1578 330 illarum

297 360 567 424 Campaniae
594 360 814 422 adspeclus
834 360 905 405 est.
929 359 1090 405 Omnis
1107 359 1152 404 in
1170 359 1264 421 pilis
1294 357 1579 404 Puteolorum

294 433 420 479 turba
439 431 658 485 consistit
695 446 738 477 et
768 448 823 477 ex
856 431 951 491 ipso
980 447 1136 493 genere
1164 429 1367 476 velorum
1390 430 1581 475 Alexan·

296 505 466 563 drinas,
498 506 699 568 quamvis
720 505 764 549 in
796 521 949 567 magna
980 503 1106 549 turba
1126 503 1338 559 navium,
1369 502 1582 564 intelligit.

298 580 411 626 Solis
439 579 555 626 enirn
589 580 690 626 licet
724 579 955 640 supparum
987 578 1239 633 intendere,
1271 576 1421 639 quod
1411 593 1455 622 1n
1490 577 1528 621 al
1535 589 1583 621 to

297 671 453 700 omnes
479 653 639 700 habent
670 669 817 698 naveS.
850 652 983 698 Nulla
1012 651 1129 698 enim
1151 667 1219 696 res
1246 666 1380 713 aeque
1406 650 1583 696 adiuvat

296 725 471 772 cursum
489 761 501 782 ‚
522 742 652 788 quam
681 725 845 770 summa
868 741 965 786 pars
994 723 1112 771 veli:
1143 722 1261 768 illinc
1288 722 1474 767 maxime
1504 738 1584 766 na-

296 799 365 845 vis
384 812 577 862 urgetur.
602 802 752 861 ltaque
776 799 950 862 quoties
969 809 1128 844 ventus
1149 794 1391 852 increbuit,
1420 795 1584 840 maior-

299 889 386 935 que
417 872 476 919 est
505 890 634 936 quam
673 872 882 935 expedit,
916 883 1102 921 antenna
1132 867 1405 917 submittitur.
1431 869 1587 914 ¹minus

295 947 426 993 habet
457 947 616 996 virium
653 947 780 993 flatus
809 963 861 993 ex
891 945 1060 992 humili,
1095 945 1218 991 Cum
1253 943 1470 991 intravere
1496 941 1587 988 (ζειἢ

295 1038 418 1084 preas
449 1034 492 1069 et
518 1020 883 1086 promontorium
904 1055 918 1078 ‚
946 1036 1000 1066 ex
1022 1034 1114 1082 quo

364 1133 476 1176 Alta
499 1131 723 1193 procellosb
740 1131 980 1192 speculatur
1005 1129 1144 1174 vertice
1175 1128 1326 1172 Pallas
1346 1160 1361 1182 ,

298 1249 467 1286 ceterae
486 1240 592 1286 velo
612 1239 818 1285 iubentur
835 1236 922 1283 effe
947 1248 1179 1281 contentae
1200 1252 1209 1279 z
1237 1232 1467 1295 supparum
1490 1231 1588 1277 Alea

299 1311 611 1357 xandrinarum
646 1310 811 1372 insigne
845 1307 919 1355 est.
960 1309 1008 1353 In
1038 1307 1126 1354 hoc
1166 1306 1367 1352 omnium
1400 1303 1596 1350 discursu

299 1383 638 1445 properantium
658 1383 714 1427 ad
732 1383 854 1438 litus,
883 1396 1087 1442 magnam
1108 1396 1162 1426 ex
1182 1378 1351 1441 pigritia
1370 1393 1465 1422 mea
1484 1376 1596 1425 sensi.

297 1457 570 1519 voluptatem
584 1493 596 1512 ‚
617 1457 741 1519 quod
760 1455 963 1517 epistolas
979 1471 1180 1500 meorum
1200 1465 1455 1514 accepturus
1468 1489 1479 1505 ,
1497 1467 1589 1495 non

298 1530 537 1591 properavi
558 1529 687 1587 scire,
709 1529 809 1591 quis
827 1528 915 1574 illic
935 1527 1038 1574 effer
1056 1542 1204 1572 rerum
1225 1541 1418 1571 mearum
1440 1524 1591 1580 status,

298 1600 406 1662 quid
428 1599 646 1646 afferrent.
677 1600 800 1646 Olim
830 1599 914 1645 iam
949 1615 1027 1645 nec
1051 1597 1162 1660 perit
1190 1597 1430 1660 quidquam
1456 1595 1592 1651 mihi,

300 1688 382 1718 nec
402 1671 658 1734 acquiritur.
685 1673 786 1718 Hoc
808 1708 821 1728 ‚
841 1673 970 1718 etiam
994 1670 1023 1716 fi
1045 1671 1175 1717 senex
1202 1687 1292 1716 non
1312 1670 1441 1715 essem
1459 1704 1473 1726 ,
1493 1668 1591 1714 fue-
1636 1726 1640 1730 ι

300 1756 367 1789 rat
393 1742 689 1789 sentiendum:
714 1760 831 1790 nunc
855 1760 965 1790 vero
985 1743 1128 1789 multo
1148 1742 1308 1805 magis,
1332 1741 1432 1803 quia
1455 1757 1592 1802 quan-

300 1819 622 1882 tulumcunque
652 1821 857 1866 haberem
873 1853 887 1875 ,
914 1829 1057 1864 tamen
1076 1819 1172 1878 plus
1195 1817 1279 1864 iam
1313 1817 1420 1863 mihi
1441 1816 1592 1878 super-

301 1891 407 1939 esset
427 1892 607 1949 viatici,
632 1909 762 1956 quam
783 1891 880 1940 viae
908 1909 918 1938 :
951 1892 1201 1954 praesertim
1228 1908 1326 1938 cum
1353 1907 1447 1937 eam
1472 1891 1596 1936 viam

301 1964 432 2011 simus
453 1965 626 2029 ingreffi
643 2002 657 2022 ,
689 1982 824 2029 quam
854 1982 1059 2028 peragere
1084 1981 1176 2010 non
1206 1964 1267 2011 est
1293 1963 1476 2010 necesse.
1508 1967 1593 2010 lter

302 2034 610 2099 imperfectum
640 2037 750 2093 erit,
777 2036 807 2082 fi
831 2035 878 2081 in
910 2035 1053 2082 media
1082 2046 1229 2097 parte,
1251 2044 1324 2080 aut
1350 2033 1454 2079 citra
1484 2032 1595 2094 peti-

304 2118 396 2154 tum
419 2107 567 2153 locum
591 2106 754 2154 steteris
773 2108 889 2154 :vita
909 2124 999 2153 non
1020 2106 1081 2153 est
1104 2105 1386 2168 impeffefia,
1407 2105 1436 2150 si
1449 2105 1596 2157 honeae

304 2178 365 2228 sta
385 2181 458 2228 est.
488 2181 755 2244 Ubicunque
785 2181 977 2238 defines,
1001 2180 1032 2226 fi
1055 2180 1166 2227 bene
1194 2179 1376 2235 definis,
1410 2190 1501 2225 tota
1519 2177 1595 2225 est.

309 2260 447 2319 Saepe
481 2269 625 2302 autem
652 2272 696 2303 et
722 2257 894 2304 fortiter
923 2255 1207 2303 desinendum
1236 2253 1322 2310 est,
1351 2267 1393 2299 et
1424 2269 1514 2299 non
1540 2269 1595 2299 ex

307 2329 513 2378 maximis
560 2329 706 2376 causis.
737 2347 838 2376 nam
862 2346 943 2376 nec
972 2329 1054 2375 hae
1078 2327 1294 2373 maximae
1324 2326 1450 2382 sunt,
1483 2342 1594 2388 quae

307 2420 391 2449 nos
411 2415 576 2449 tenent.
596 2402 767 2449 Tullius
785 2401 1064 2449 Marcellinus
1079 2437 1093 2458 ‚
1113 2388 1245 2464 qinein
1267 2401 1436 2463 optime
1454 2415 1594 2445 nove-

309 2496 378 2528 ras
391 2514 408 2538 ‚
425 2478 677 2530 adolescens
698 2478 871 2543 quietus
888 2489 931 2528 et
947 2478 1040 2530 cito
1058 2477 1209 2534 senex,
1234 2477 1395 2525 morbo
1409 2511 1425 2535 ‚
1441 2485 1483 2521 et
1501 2489 1597 2523 non
