1780 2988
509 169 1078 216 EPISTOLAE.
1333 183 1421 230 393

162 279 239 328 ubi
258 278 399 342 aliqua
416 293 483 325 res
500 278 705 324 obcaecat
719 278 909 324 animum
924 313 936 333 ‚
955 289 998 323 et
1017 277 1071 322 ad
1089 272 1338 322 officiorum
1360 275 1431 320 di-

164 352 428 414 spiciendum
456 350 656 396 ordinem
684 350 888 412 impedit,
918 350 1023 395 nihil
1051 350 1163 412 agit,
1198 347 1272 410 qui
1302 365 1432 408 prae-

165 425 267 487 cipit
283 442 292 469 :
311 426 379 469 Sic
397 424 522 470 vives
539 440 638 470 cum
658 435 776 485 patre
792 459 805 479 ,
822 422 877 468 fic
895 439 993 469 cum
1010 438 1159 467 uxore.
1175 417 1296 466 Nihil
1313 421 1435 466 enim

164 496 395 559 proficient
423 509 673 557 praecepta,
704 497 912 559 quamdiu
943 495 1076 541 menti
1103 511 1227 541 error
1252 492 1434 540 obfusus

163 570 224 617 est
244 588 253 615 z
276 570 304 615 si
333 569 400 614 ille
427 569 649 616 discutitur
668 605 681 627 ,
711 569 932 632 apparebit
961 568 1066 632 quid
1091 569 1248 631 cuique
1278 567 1434 613 debea-

164 657 233 690 tur
261 642 423 688 officio.
454 642 664 705 Alioquin
693 643 825 689 doces
850 643 969 688 illum
985 678 1000 699 ‚
1025 642 1129 705 quid
1151 642 1253 687 sano
1273 640 1434 687 facien-

163 718 266 762 dum
286 716 361 773 fit,
395 732 486 762 non
516 715 664 763 sanum
696 718 845 764 efficis.
871 717 1080 779 Pauperi,
1113 727 1160 762 ut
1187 726 1281 777 agat
1314 713 1435 760 divi-

163 803 249 835 tem
266 825 278 845 ,
311 788 554 835 monstras:
581 789 667 835 hoc
689 791 922 852 quomodo
952 802 1151 834 manente
1183 798 1435 850 paupertate

162 862 253 908 fieri
272 862 442 925 potest?
476 862 680 911 Ostendis
705 864 930 919 esurienti,
951 863 1055 926 quid
1089 874 1291 924 tanquam
1323 860 1435 907 satur

161 935 287 982 faciat
313 954 324 981 :
351 935 480 981 fixam
508 936 652 997 potius
674 937 872 983 medullis
897 936 1057 982 famem
1088 934 1274 980 detrahe.
1308 932 1435 978 Idem

160 1007 239 1053 tibi
270 1009 323 1054 de
352 1008 557 1054 omnibus
585 1010 704 1056 vitiis
737 1010 864 1066 dico,
891 1011 981 1072 ipsa
1009 1006 1277 1055 removenda
1305 1005 1397 1050 sunt
1418 1021 1437 1058 ;

160 1095 252 1123 non
278 1077 631 1138 praecipiendum
646 1114 661 1135 ,
680 1081 801 1141 quod
824 1079 918 1124 fieri
939 1078 1019 1124 illis
1044 1076 1314 1123 manentibus
1339 1090 1434 1120 non

160 1150 315 1211 potest.
336 1147 427 1194 Nifi
450 1149 684 1211 opiniones
702 1150 844 1208 falsas,
874 1151 1030 1214 quibus
1049 1151 1323 1205 laboramus,
1353 1164 1437 1193 ex-

160 1223 318 1285 puleris
338 1241 348 1270 :
370 1240 448 1269 nec
471 1241 625 1272 avarus
641 1260 655 1282 ‚
677 1227 908 1288 quomodo
926 1227 1134 1273 utendum
1156 1222 1340 1286 pecunia
1359 1221 1434 1279 fit,

161 1297 386 1351 exaudiet3
414 1312 494 1343 nec
520 1297 722 1357 timidus,
753 1300 985 1361 quomodo
1016 1298 1203 1360 pericula
1228 1311 1434 1343 contem-

163 1383 247 1416 nat.
270 1370 441 1416 Efficias
467 1383 668 1432 oportet,
693 1388 740 1419 ut
760 1372 862 1419 sciat
884 1372 1114 1435 pecuniam
1136 1386 1216 1416 nec
1238 1369 1434 1419 bonum,

163 1458 243 1489 nec
268 1443 427 1488 malum
447 1442 560 1489 effe:
580 1444 776 1491 ostendas
800 1445 860 1490 illi
884 1444 1149 1491 miserrimos
1169 1441 1338 1487 divites.
1356 1437 1437 1484 Ef-

162 1513 304 1572 ficias,
324 1527 370 1562 ut
387 1515 601 1578 quidquid
621 1518 792 1580 publice
813 1517 1089 1579 expavimus,
1117 1515 1219 1562 sciat
1238 1530 1327 1558 non
1347 1511 1433 1557 effe

162 1599 248 1632 tam
274 1589 540 1644 timendum,
564 1605 698 1651 quam
723 1589 839 1635 fama
866 1588 1144 1644 circumfert,
1175 1603 1255 1632 nec
1283 1585 1436 1630 dolere

161 1677 362 1723 quoque,
390 1680 472 1711 nec
499 1662 627 1709 mori.
652 1664 786 1725 Saepe
816 1663 862 1708 in
888 1673 1060 1715 morte,
1091 1676 1220 1722 quam
1249 1657 1338 1721 pati
1360 1657 1433 1702 lex

160 1734 248 1790 est,
275 1752 479 1799 magnum
508 1735 593 1782 effe
623 1734 851 1794 solatium,
888 1735 1011 1798 quod
1038 1735 1091 1780 ad
1119 1731 1337 1777 neminem
1365 1746 1434 1776 re-

162 1807 254 1853 dit:
278 1808 324 1853 in
350 1808 509 1855 dolore
536 1823 620 1869 pro
651 1808 848 1853 remedio
873 1805 1064 1865 futuram
1094 1802 1433 1849 obstinationem

160 1880 320 1935 animi,
343 1881 416 1943 qui
444 1880 580 1927 levius
608 1879 708 1926 facit
738 1879 843 1936 fibi,
875 1879 1087 1942 quidquid
1116 1877 1435 1925 contumaciter

160 1953 300 2015 pallus
320 1953 393 1999 est.
413 1952 641 2015 Optimam
668 1951 835 2018 doloris
851 1952 936 1998 esse
959 1962 1175 2008 naturam,
1198 1950 1320 2011 quod
1338 1965 1432 1995 non

161 2024 301 2087 potest
322 2042 401 2072 nec
425 2026 502 2088 qui
521 2023 798 2079 extenditur,
824 2040 1002 2087 magnus
1029 2022 1136 2077 effe3
1167 2038 1248 2067 nec
1275 2022 1351 2084 qui
1371 2019 1433 2067 est

161 2116 370 2162 magnus,
395 2099 583 2145 extendi.
610 2098 774 2144 Omnia
804 2096 980 2145 fortiter
1005 2097 1258 2160 accipienda
1274 2129 1290 2151 ,
1323 2113 1436 2160 quae

160 2172 288 2217 nobis
315 2172 463 2217 mundi
485 2171 703 2217 neceffitas
723 2171 918 2232 imperat.
949 2173 1028 2217 His
1056 2171 1238 2217 decretis
1258 2187 1359 2217 cum
1376 2170 1433 2216 il-

160 2243 250 2289 lurn
278 2244 323 2290 in
350 2244 631 2306 conspeclum
665 2244 762 2290 suae
796 2243 1062 2290 conditionis
1093 2243 1353 2296 adduxeris,
1389 2257 1437 2289 et·

161 2319 423 2379 cognoverit
441 2319 611 2364 beatam
640 2317 775 2363 vitam
801 2317 886 2363 effe
903 2348 919 2372 ,
943 2333 1033 2363 non
1062 2333 1170 2379 quae
1195 2316 1430 2364 secundum

162 2389 431 2449 voluptatem
458 2387 540 2444 est,
568 2389 637 2436 sed
656 2388 892 2434 secundum
916 2402 1111 2434 naturam
1133 2406 1143 2434 ε
1165 2405 1263 2435 cum
1289 2389 1430 2435 virtu-

160 2471 248 2507 tem
276 2461 450 2508 unicum
479 2462 644 2508 bonum
665 2461 853 2508 hominis
872 2461 1165 2517 adamaverit3
1194 2461 1429 2525 turpitudi-
