1797 2956
356 126 454 208 332³
603 145 995 191 L.ANNA131
1046 145 1396 192 SENECAE

361 252 575 316 perfectos
594 252 820 309 homines,
840 265 883 298 et
904 253 957 299 ad
979 251 1141 300 stultos.
1161 255 1308 316 Itaque
1327 252 1468 315 potest
1488 253 1528 300 ei
1545 252 1633 303 effe

358 326 695 373 incommodum
726 325 943 371 mixtum:
970 326 1040 370 sed
1071 327 1357 372 commodum
1393 325 1575 384 dicitur,
1607 345 1633 374 a

358 400 527 446 maiore
555 399 626 445 sua
652 411 770 460 parte
800 397 1081 444 aestimatum.
1119 399 1290 445 Bonum
1321 400 1376 446 ad
1406 418 1539 448 unum
1569 401 1632 448 sa-

358 471 552 533 pientem
587 468 800 531 pertinet,
833 467 1097 515 inviolatum
1128 468 1212 514 effe
1235 481 1424 530 oportet.
1458 472 1632 519 Bonum

358 542 553 589 animum
588 540 712 586 habe.
744 556 857 586 unus
887 539 964 586 tibi
995 541 1166 598 nodus,
1201 541 1273 588 sed
1300 543 1596 590 Herculaneus
1616 579 1632 602 ,

360 613 500 659 restat.
530 614 594 657 Ex
615 611 734 658 malis
764 612 934 658 bonum
966 627 1058 658 non
1083 611 1159 658 fit:
1191 629 1246 658 ex
1270 614 1633 676 niultispauper-

358 686 518 733 tatibus
541 684 721 732 divitiae
747 676 857 732 siunt
877 703 888 731 :
907 702 1014 749 ergo
1034 684 1211 732 divitiae
1228 685 1395 732 bonum
1410 703 1501 732 non
1523 688 1635 733 sunt-0

359 759 486 804 Hanc
515 757 908 821 interrogationem
945 757 1076 804 nostri
1103 775 1194 804 non
1220 759 1471 822 agnoscunt.
1510 759 1631 806 Peri-

358 830 535 895 patetici
564 846 606 878 et
631 830 800 894 fingunt
828 831 969 889 illam,
994 845 1036 877 et
1058 830 1246 879 solvunt.
1277 832 1352 879 Ait
1377 848 1521 880 autem
1544 835 1633 880 Po-

355 903 585 961 sidonius,
622 903 709 949 'noc
747 903 967 966 sophisma
1003 920 1082 965 per
1114 919 1267 951 omnes
1304 904 1634 952 dialecticorum

358 977 530 1024 scholas
562 975 794 1032 iastatuiri,
823 977 878 1023 fic
907 976 962 1023 ab
990 975 1221 1039 Antipatro
1252 976 1404 1023 refelli.
1440 977 1634 1040 Pauper-—

358 1064 422 1096 tas
448 1065 539 1095 non
568 1064 644 1109 per
672 1048 958 1110 positionem,
986 1048 1055 1093 sed
1080 1064 1157 1110 per
1183 1047 1496 1094 detractionem
1523 1048 1636 1096 dici-

358 1134 447 1178 tur,
463 1121 535 1168 vel
553 1121 623 1182 (ut
640 1121 806 1185 antiqui
826 1118 1057 1182 dixerunt)
1080 1137 1156 1182 per
1175 1119 1451 1167 orbationem
1472 1140 1482 1167 :
1503 1123 1636 1168 Grae-

358 1198 401 1245 ci
419 1197 571 1244 dicunt
588 1206 689 1245 2427&
711 1204 898 1255 στέρησιν,
919 1211 1010 1241 non
1028 1194 1148 1257 quod
1166 1194 1321 1241 habeat
1333 1231 1347 1254 ,
1366 1195 1540 1253 dicitur,
1562 1195 1634 1243 sed

357 1270 482 1333 quod
496 1286 586 1315 non
604 1266 779 1327 habeatt
803 1269 951 1329 ltaque
968 1284 1021 1313 ex
1040 1267 1185 1313 multis
1203 1267 1399 1314 inanibus
1417 1268 1524 1314 nihil
1549 1269 1633 1315 im-

357 1344 468 1407 pleri
487 1341 652 1406 potest:
673 1339 846 1388 divitias
870 1339 1028 1386 multae
1056 1356 1123 1387 res
1146 1340 1333 1397 faciunt,
1360 1357 1450 1388 non
1475 1341 1635 1389 multae

356 1415 545 1478 inopiae.
579 1412 715 1459 Aliter
746 1428 878 1476 quam
902 1411 1032 1459 debes
1049 1444 1063 1467 ,
1086 1425 1387 1474 paupertatem
1418 1413 1635 1477 intelligis„

356 1489 586 1552 Paupertas
600 1485 676 1544 est,
688 1489 780 1532 non
792 1501 900 1548 quae
915 1501 1052 1547 pauca
1071 1484 1271 1548 possidet,
1286 1485 1358 1532 sed
1372 1503 1483 1550 quae
1501 1486 1636 1532 multa

355 1577 450 1606 non
471 1559 671 1622 possidet.
701 1561 760 1605 Ita
791 1575 882 1605 non
901 1559 955 1604 ab
981 1574 1036 1604 eo
1061 1559 1217 1605 dicitur
1245 1559 1368 1622 quod
1393 1558 1546 1614 habet,
1564 1557 1637 1604 sed

347 1631 411 1678 'ab
447 1648 502 1678 eo
537 1632 658 1695 quod
689 1631 729 1678 ei
759 1630 890 1678 deest.
924 1630 1104 1677 Facilius
1127 1631 1250 1694 quod
1276 1630 1386 1678 volo
1409 1631 1637 1693 exprime-

357 1722 450 1753 rem
463 1741 476 1764 ‚
497 1705 527 1752 fi
544 1706 747 1753 Latinum
763 1705 947 1753 verbum
963 1704 1079 1762 esset,
1101 1720 1194 1767 quo
1211 1709 1345 1767 ἀπορία,
1361 1703 1634 1767 significatur.

354 1778 481 1824 Hanc
504 1776 746 1841 paupertati
766 1777 998 1839 Antipater
1024 1775 1215 1838 affignat.
1242 1778 1335 1840 Ego
1365 1794 1455 1823 non
1483 1777 1634 1834 video,

352 1850 461 1914 quid
487 1850 604 1896 aliud
635 1848 686 1896 fit
711 1863 963 1913 paupertas,
991 1864 1123 1912 quam
1151 1849 1278 1910 parvi
1303 1847 1521 1910 poffeffio.
1560 1849 1635 1894 De

349 1923 436 1971 isto
463 1923 739 1983 videbimus,
775 1924 805 1970 fi
839 1923 1016 1987 quando
1052 1921 1178 1969 valde
1212 1921 1414 1980 vacabit,
1444 1939 1555 1985 quae
1585 1922 1636 1968 sit

346 1997 621 2056 divitiarum,
638 2014 748 2060 quae
766 1994 1031 2060 paupertatis
1047 1994 1296 2043 substantia:
1315 1995 1387 2042 sed
1400 2011 1502 2044 tunc
1520 2013 1634 2060 quo-

346 2089 438 2136 que
461 2071 859 2129 considerabimus,
886 2068 1100 2132 numquid
1123 2067 1251 2115 satius
1271 2067 1319 2114 fit
1334 2082 1632 2132 paupertatem

348 2145 644 2207 permulcere,
671 2143 835 2191 divitiis
863 2143 1036 2189 demere
1070 2141 1370 2203 supercilium,
1400 2159 1531 2206 quam
1553 2143 1636 2190 liti-

348 2234 452 2280 gare
481 2219 536 2264 de
571 2217 743 2273 verbis,
770 2217 890 2281 quasi
924 2216 1012 2262 iam
1051 2216 1106 2262 de
1134 2216 1266 2262 rebus
1298 2215 1534 2263 iudicatum
1571 2215 1634 2264 fit.

348 2292 559 2338 Putemus
592 2308 673 2338 nos
701 2292 755 2338 ad
783 2291 1048 2338 concionem
1079 2305 1280 2338 vocatos.
1320 2292 1411 2337 Lex
1440 2291 1494 2336 de
1518 2291 1631 2336 abo-

347 2362 488 2410 lendis
517 2363 682 2426 divitiis
709 2363 844 2410 fertur
870 2382 881 2410 z
918 2363 985 2416 his
1020 2361 1439 2426 interrogationibus
1473 2359 1630 2408 suasuri

349 2448 423 2482 aut
442 2437 661 2485 dissuasuri
676 2437 820 2485 sumus
835 2437 935 2484 .>his
952 2435 1152 2488 effe&uri
1163 2473 1178 2496 ,
1193 2448 1242 2483 ut
1256 2435 1444 2500 populus
1463 2435 1630 2482 Roma-
