1807 3004
554 185 1130 233 EPISTOLAE.
1397 199 1482 247 215

210 309 290 342 nec
318 295 511 357 semper,
543 309 624 339 nec
653 291 739 338 sine
764 293 854 338 ullo
880 290 978 338 fine.
1007 294 1258 349 Praeterea,
1289 306 1388 338 cum
1423 290 1491 337 sa-

209 367 349 431 pienti
378 365 712 427 Rempublicam
744 365 838 428 ipso
865 367 1041 428 dignam
1069 363 1294 421 dedimus,
1323 363 1365 409 id
1395 363 1455 409 est
1474 395 1488 418 ‚

208 440 422 486 mundum
443 455 454 484 ε
480 454 569 485 non
595 438 655 484 est
674 452 794 485 extra
821 438 1151 499 Rempublicam
1173 435 1334 483 etiamsi
1355 436 1490 483 seces-

207 511 319 557 serit.
352 510 494 555 immo
527 508 705 556 fortaffe
734 509 885 557 relifio
913 525 1006 555 uno
1038 509 1197 571 angulo
1238 509 1283 555 in
1323 508 1491 555 maiora

206 594 333 645 atque
350 581 563 643 ampliora
585 582 754 639 transit,
782 597 825 628 et
842 582 970 629 coelo
994 579 1247 643 impositus,
1267 580 1490 643 intelligit,

205 670 305 701 cum
320 654 462 701 sellam
478 655 1031 712 auttribunalascenderat,
1054 671 1184 718 quam
1207 655 1363 701 humili
1383 655 1487 702 loco

204 724 372 772 sederit.
405 725 606 788 Depono
629 727 717 772 hoc
746 725 860 787 apud
884 738 925 771 te
949 743 959 770 ε
982 742 1207 788 nunquam
1239 725 1333 787 plus
1363 742 1488 788 agere

205 797 467 860 sapientem,
498 815 627 861 quam
650 815 749 845 cum
771 797 815 843 in
837 798 1115 859 conspectum
1140 798 1232 843 eius
1250 796 1401 844 divina
1419 809 1489 844 at-

202 887 288 933 que
306 871 494 916 humana
515 882 743 918 venerunt.
767 870 899 915 Nunc
918 869 972 916 acl
991 869 1095 916 illud
1115 881 1343 924 revertor,
1365 869 1488 932 quod

202 944 381 991 suadere
406 943 486 992 tibi
512 960 746 1007 coeperam
764 979 778 1001 ,
802 957 849 990 ut
874 942 1015 989 otium
1048 955 1170 988 tuum
1192 943 1396 1004 ignotum
1426 941 1488 991 sit.

203 1018 310 1063 Non
336 1017 397 1064 est
424 1018 546 1081 quod
568 1017 774 1064 inscribas
798 1016 877 1062 tibi
899 1015 1239 1078 philosophiam.
1260 1027 1389 1079 atque
1404 1015 1489 1063 eti-

203 1108 274 1137 am
297 1091 412 1138 aliud
443 1092 673 1153 proposito
704 1103 784 1137 tuo
816 1106 983 1136 nomen
1006 1090 1221 1153 impone:
1268 1089 1489 1137 valetudi-

201 1178 325 1220 nem,
345 1175 387 1209 et
404 1161 745 1210 imbecillitatem
774 1174 939 1210 vocato
958 1198 971 1218 ,
991 1177 1032 1209 et
1052 1162 1272 1210 desidiam.
1293 1162 1488 1208 Gloriari

201 1234 331 1289 otio,
365 1235 479 1281 iners
501 1235 688 1281 ambitio
715 1235 786 1282 est.
815 1235 1031 1281 Animalia
1063 1236 1307 1298 quaedam,
1336 1251 1390 1281 ne
1417 1235 1488 1281 in-

201 1305 345 1353 veniri
373 1306 562 1368 possint,
595 1306 773 1368 vestigia
799 1307 870 1353 sua
899 1307 1014 1353 circa
1034 1308 1176 1354 cubile
1205 1308 1345 1369 ipsum
1374 1323 1489 1354 con-

201 1375 422 1423 fundunt:
444 1377 562 1425 idem
592 1377 671 1424 tibi
692 1377 939 1424 faciendum
964 1377 1050 1436 est,
1076 1379 1240 1441 alioqui
1269 1394 1360 1424 non
1382 1380 1487 1426 clee-

199 1462 302 1496 runt
324 1450 401 1514 qui
427 1450 749 1514 persequantur.
772 1450 902 1495 Multi
930 1462 1076 1512 aperta
1098 1450 1345 1507 transeunt,
1375 1467 1486 1497 con-

199 1524 288 1570 dita
301 1539 344 1572 et
361 1524 555 1572 obstrusa
572 1525 798 1572 rimantur.
811 1524 953 1571 furem
967 1524 1127 1588 {ignata
1140 1524 1383 1572 sollicitant.
1398 1525 1487 1572 vile

199 1596 398 1653 videtur,
417 1598 634 1662 quidquid
654 1609 797 1660 patet:
816 1608 962 1659 aperta
982 1596 1247 1644 &melarius
1265 1598 1487 1660 praeterit.

201 1671 297 1718 Hos
322 1688 469 1718 mores
487 1672 620 1718 habet
648 1671 864 1734 populus,
896 1671 978 1717 hos
1005 1670 1347 1733 imperitiffimus
1371 1672 1487 1736 quis-

199 1761 310 1808 que:
330 1744 374 1790 in
393 1744 554 1792 secreta
574 1745 817 1807 irrumpere
835 1746 968 1806 cupit.
985 1744 1222 1807 Optimum
1243 1744 1388 1807 itaque
1403 1745 1485 1801 est,

198 1834 292 1865 non
320 1818 477 1866 iactare
502 1819 643 1865 otium
671 1818 808 1865 suum.
844 1818 1028 1865 ia&andi
1059 1831 1202 1864 autem
1227 1834 1361 1880 genus
1389 1818 1450 1864 est
1468 1851 1483 1875 ,

199 1891 330 1939 nimis
356 1892 515 1949 latere,
543 1904 585 1939 et
612 1909 636 1938 a
657 1892 887 1954 conspectu
911 1891 1141 1937 hominum
1168 1889 1382 1938 secedere.
1411 1892 1486 1940 Ille

200 1964 444 2011 Tarentum
473 1964 515 2010 se
543 1964 710 2011 abdidit
727 1999 740 2022 ,
768 1963 840 2010 ille
867 1963 1057 2026 Neapoli
1086 1961 1272 2009 inclusus
1296 1963 1357 2010 est
1382 1964 1485 2012 :ille

198 2037 347 2084 multis
368 2037 489 2084 annis
504 2054 592 2084 non
615 2037 763 2084 transit
781 2039 942 2084 domus
960 2038 1055 2084 suae
1073 2037 1220 2084 limen.
1244 2038 1484 2088 Convocat

198 2110 398 2166 turbam,
422 2109 611 2174 quisquis
630 2110 727 2158 otio
746 2110 826 2158 suo
848 2111 1034 2175 aliquam
1055 2110 1241 2158 fabulam
1259 2109 1484 2174 imposuit.

199 2182 314 2228 Cum
329 2182 566 2237 secesseris,
590 2198 679 2229 non
700 2182 761 2229 est
777 2184 992 2247 agendum
1013 2184 1100 2229 hoc
1115 2219 1130 2240 ‚
1149 2196 1197 2229 ut
1216 2184 1269 2230 de
1288 2195 1331 2230 te
1343 2184 1485 2231 homi—

199 2268 274 2299 nes
293 2253 527 2316 loquantur
538 2292 550 2312 ,
564 2255 635 2302 sed
653 2268 700 2302 ut
712 2256 804 2317 ipse
819 2268 961 2303 tecum
980 2257 1185 2319 loquaris.
1201 2256 1322 2316 Quid
1336 2269 1480 2304 autem

196 2335 341 2371 tecum
358 2325 578 2388 loquaris?
597 2326 720 2390 quod
734 2327 935 2373 homines
951 2328 1004 2373 de
1020 2327 1112 2373 aliis
1125 2327 1402 2374 libentissime
1415 2327 1479 2375 fa-

198 2395 348 2455 ciunt,
367 2397 421 2444 de
438 2408 480 2444 te
498 2399 612 2461 apud
633 2410 673 2444 te
692 2399 800 2444 male
818 2399 1027 2447 existima.
1055 2398 1256 2446 Assuesce
1274 2412 1316 2446 et
1333 2400 1479 2447 dicere

199 2485 383 2531 Verum,
400 2482 444 2520 et
468 2471 696 2521 audire.1d
715 2485 861 2522 autem
892 2473 1081 2522 maxime
1107 2473 1240 2520 tracta
1255 2509 1268 2532 ,
1296 2474 1417 2537 quod
1436 2476 1481 2521 in

1130 2549 1174 2593 Ο
1211 2565 1240 2607 4
