1807 3004
476 193 1067 241 EPISTOLAE.
1322 205 1409 252 233

147 305 249 351 viro
263 303 401 368 potest
419 303 609 351 evenire.
635 304 721 349 Stat
734 302 875 348 rectus
892 301 970 347 sub
990 298 1184 362 quolibet
1201 299 1411 361 pondere.

149 379 265 424 nulla
293 378 410 423 illum
433 392 499 422 res
532 376 746 422 minorem
775 374 896 428 facit,
924 373 1028 419 nihil
1046 371 1106 418 illi
1124 388 1277 418 eorum
1303 388 1416 433 quae

148 452 325 498 ferenda
350 451 466 503 sunt,
490 450 699 510 displicet.
724 451 834 494 Nam
862 446 1079 510 quidquid
1103 447 1256 493 cadere
1273 444 1319 490 in
1337 444 1416 490 ho-

148 524 309 570 minem
345 522 514 585 potest,
545 522 588 568 in
620 524 659 569 se
693 520 892 569 cecidisse
928 535 1017 565 non
1057 517 1265 582 queritur.
1299 517 1417 564 vires

148 593 242 641 suas
271 593 398 640 novit
421 611 432 639 z
460 593 536 640 scit
563 594 604 640 se
631 594 715 640 effe
749 592 873 638 oneri
898 591 1096 638 ferendo.
1140 592 1243 636 Non
1273 589 1416 636 educo

146 666 381 728 sapientem
404 684 459 712 ex
478 667 707 713 hominum
731 682 938 722 numero,
961 682 1039 712 nec
1055 665 1230 712 dolores
1246 665 1298 709 ab
1317 663 1416 720 illo,

146 739 255 785 ficut
271 739 324 784 ab
345 740 488 802 aliqua
505 757 612 802 rupe
632 740 799 786 nullum
823 739 990 785 sensum
1014 738 1291 792 admittente,
1315 735 1418 781 sub-

148 828 330 858 moveo.
356 813 534 858 memini
562 829 614 859 ex
643 814 804 860 duabus
831 813 1022 874 partibus
1052 812 1171 857 illum
1195 809 1277 855 effe
1301 824 1418 855 com·

147 883 347 946 positum.
369 884 515 931 Altera
538 886 597 931 est
624 885 894 931 irrationalis.
918 885 1024 931 haec
1046 884 1298 936 mordetur,
1325 882 1417 926 uri-

148 970 231 1013 tur,
251 959 384 1005 dolet.
423 959 556 1005 altera
575 959 809 1005 rationalis.
827 959 930 1005 haec
952 955 1220 1005 inconcussas
1239 955 1417 1018 opinio-

147 1047 222 1077 nes
247 1032 377 1078 habet
394 1067 407 1087 ‚
431 1032 646 1093 intrepida
675 1031 765 1089 est,
803 1046 844 1077 et
870 1032 1098 1077 indomita.
1139 1033 1185 1074 ln
1220 1029 1300 1075 hac
1329 1043 1415 1090 po·

147 1103 272 1149 fitum
297 1103 357 1149 est
387 1103 600 1149 summum
633 1102 738 1149 illud
763 1103 954 1148 hominis
983 1103 1166 1147 bonum.
1195 1100 1317 1162 quod
1343 1117 1420 1144 an-

148 1185 321 1237 tequam
338 1174 594 1236 impleatur,
615 1176 777 1222 incerta
797 1174 952 1222 mentis
967 1173 1183 1221 volutatio
1201 1172 1260 1219 est
1282 1190 1292 1217 :
1314 1188 1418 1218 cum

146 1263 259 1294 vero
288 1247 529 1310 perfectum
561 1248 643 1306 est,
673 1249 858 1295 immota
890 1249 958 1294 illa
990 1248 1191 1294 stabilitas
1219 1245 1291 1292 est.
1330 1249 1418 1292 Ita-

147 1335 234 1382 que
255 1319 506 1375 inchoatus,
526 1321 580 1367 ad
600 1320 766 1366 summa
791 1321 1032 1383 procedens
1046 1357 1058 1378 ‚
1078 1319 1309 1381 cultorque
1330 1318 1421 1364 vir-

148 1390 274 1448 tutis,
307 1390 470 1438 etiamsi
508 1394 832 1457 appropinquat
860 1393 1054 1455 perfecto
1089 1394 1210 1439 bono
1232 1427 1246 1449 ,
1277 1391 1347 1437 sed
1378 1390 1419 1437 ei

148 1465 345 1512 nondum
372 1465 577 1511 summam
606 1483 782 1512 manum
808 1466 1039 1529 imposuit,
1057 1466 1116 1511 ibi
1136 1465 1307 1511 interim
1333 1464 1419 1511 ces-

147 1536 254 1582 sabit
270 1572 283 1594 ‚
315 1549 357 1582 et
376 1537 567 1583 remittet
594 1537 754 1600 aliquid
776 1555 827 1583 ex
853 1536 1097 1583 intentione
1124 1537 1293 1583 mentis.
1315 1553 1422 1582 non-

147 1609 256 1655 dum
283 1609 399 1656 enim
431 1610 593 1656 incerta
617 1609 896 1673 transgreffus
930 1610 1012 1664 est,
1034 1610 1163 1655 etiam
1184 1626 1298 1654 nunc
1321 1625 1420 1655 ver·

149 1682 260 1729 satur
297 1685 342 1729 in
377 1683 562 1731 lubrico.
589 1684 740 1731 beatus
770 1700 911 1738 vero,
945 1697 987 1728 et
1016 1682 1191 1730 virtutis
1221 1683 1420 1740 exactae,

147 1769 252 1804 tunc
272 1757 314 1804 se
333 1758 521 1805 maxime
548 1771 662 1804 amat
677 1794 691 1816 ‚
721 1775 821 1804 cum
850 1757 1076 1802 fortiffime
1103 1768 1306 1818 expertus
1325 1756 1385 1802 est
1406 1774 1417 1802 :

147 1844 192 1878 et
219 1834 451 1880 metuenda
481 1834 661 1891 ceteris,
683 1834 713 1880 fi
741 1832 920 1879 alicuius
950 1830 1119 1877 honesti
1147 1831 1282 1876 officii
1313 1847 1418 1892 pre-

148 1904 204 1949 tia
235 1905 332 1951 sunt
350 1941 363 1962 ‚
386 1923 476 1951 non
499 1912 667 1953 tantum
701 1905 810 1963 fert,
841 1905 911 1951 sed
930 1905 1223 1965 amplexatur,
1252 1903 1417 1950 multo-

147 1991 235 2035 que
268 1977 415 2023 audire
445 1978 640 2035 mavult,
671 1979 818 2023 Tanto
850 1976 1030 2031 melior,
1066 1991 1200 2036 quam
1234 1974 1418 2022 felicior.

149 2049 297 2095 Venio
321 2067 434 2096 nunc
453 2051 531 2097 illo
546 2087 558 2108 ‚
584 2067 679 2114 quo
697 2068 767 2097 me
792 2065 924 2097 zie-cat
944 2048 1210 2111 exspectatio
1228 2060 1313 2094 tua.
1349 2051 1417 2096 Ne

146 2133 264 2167 extra
291 2138 433 2168 rerum
462 2136 659 2169 naturam
683 2124 828 2186 vagari
854 2123 994 2170 virtus
1025 2121 1170 2166 nostra
1199 2122 1414 2178 videatur,

146 2206 191 2239 et
209 2206 366 2240 tremet
382 2194 570 2256 sapiens,
589 2208 631 2242 et
651 2197 842 2252 dolebit,
863 2209 903 2242 et
919 2194 1171 2258 expallescet
1192 2212 1203 2240 ε
1227 2194 1271 2240 hi
1294 2194 1412 2241 enim

146 2281 301 2311 omnes
328 2269 528 2328 corporis
556 2268 697 2316 sensus
716 2270 823 2317 sunt.
854 2271 943 2318 Ubi
970 2285 1077 2332 ergo
1099 2269 1161 2316 est
1190 2271 1320 2333 origo
1344 2287 1413 2316 ca-

147 2340 391 2386 lamitatis?
422 2341 495 2388 ubi
528 2342 633 2389 illud
663 2345 822 2390 malum
858 2361 1013 2391 verum
1047 2344 1144 2390 est?
1182 2344 1266 2389 illic
1299 2343 1412 2389 scilie-

147 2425 218 2458 cet
236 2447 249 2467 ,
278 2414 308 2459 fi
342 2413 417 2460 ista
448 2416 639 2462 animum
674 2418 901 2464 detrahunt
921 2453 934 2475 ,
957 2417 987 2462 fi
1013 2418 1068 2463 ad
1095 2416 1412 2464 confessionem

147 2483 363 2535 servitutis
387 2486 632 2549 adducunt,
661 2489 692 2538 fi
720 2489 780 2537 illi
804 2489 1115 2554 poenitentiam
1146 2489 1209 2540 sui
1234 2488 1414 2538 faciunt,
