1807 3004
531 191 1126 238 EPISTOLAE.
1385 198 1472 256 237

191 296 259 341 An
283 295 318 342 is
349 293 422 358 qui
448 293 615 357 profuit
646 294 801 351 nobis,
832 294 862 340 fi
889 294 1034 355 postea
1059 294 1237 352 nocuit,
1270 296 1386 358 paria
1412 298 1475 343 fe-

191 368 298 414 cerit
315 403 326 422 ‚
361 381 402 413 et
427 383 506 412 nos
527 368 678 413 debito
714 367 924 414 selverit?
954 368 1108 414 Adiice
1139 367 1167 414 fi
1189 369 1253 415 vis
1274 385 1316 415 et
1334 370 1436 416 illud
1460 387 1470 416 :

192 440 339 486 Multo
368 439 462 501 plus
486 440 634 502 postea
656 441 848 494 nocuit,
882 457 1011 502 quam
1035 455 1132 487 ante
1168 441 1403 503 profuerat.
1434 443 1477 488 Si

191 512 350 557 teclam
385 511 497 556 illam
534 512 659 575 rigidi
703 511 858 558 iudicis
894 513 1144 559 sententiam
1185 514 1387 576 quaeris,
1417 514 1478 560 al-

192 597 336 631 terum
367 584 420 630 ab
453 584 589 631 altero
620 584 846 639 absolvet,
872 595 913 629 et
941 584 1056 630 dicet
1085 602 1094 629 z
1120 586 1338 644 Quamvis
1364 588 1478 633 iniu-

195 659 258 706 ria
295 660 642 721 praeponderet,
676 673 820 704 tamen
852 657 1071 704 beneficiis
1103 660 1322 715 donetur,
1355 663 1478 724 quod

191 749 245 778 ex
272 731 425 777 iniuria
456 732 652 793 superest.
684 733 778 776 Plus
813 731 1009 776 nocuit?
1045 733 1113 776 sed
1154 733 1270 793 prius
1301 734 1478 795 profuit.

189 804 335 866 itaque
365 805 571 850 habeatur
602 817 643 850 et
677 804 888 863 temporis
921 804 1042 847 ratio.
1073 806 1158 848 lam
1191 804 1260 849 illa
1291 805 1478 852 manife-

194 876 322 922 stiora
354 876 448 922 sunt
475 892 604 937 quam
638 888 683 920 ut
708 875 939 921 admoneri
967 875 1149 929 debeas,
1180 878 1478 937 quaerendum

195 952 302 1008 effe,
331 969 460 1015 quarti
491 952 675 997 libenter
707 951 943 1012 profuerit,
972 969 1103 1010 quam
1126 952 1291 998 invitus
1317 969 1481 999 nocue-

196 1025 252 1071 rit
273 1044 282 1070 :
304 1025 510 1085 quoniam
536 1025 686 1069 animo
711 1037 752 1069 et
786 1023 991 1069 beneficia
1011 1038 1052 1068 et
1072 1022 1248 1068 iniuriae
1270 1023 1480 1072 constant.

198 1097 333 1142 Nolui
363 1095 619 1142 beneficium
650 1097 766 1141 dare.
798 1097 936 1142 vietus
971 1097 1058 1140 sum
1086 1106 1158 1142 aut
1188 1097 1482 1155 verecundia,

197 1182 270 1215 aut
300 1169 492 1216 instantis
529 1169 791 1230 pertinacia,
836 1164 909 1214 aut
943 1170 1025 1231 spe.
1068 1171 1133 1214 Eo
1171 1169 1320 1214 animo
1351 1170 1482 1232 quid-

197 1258 283 1303 que
309 1243 514 1296 debetur,
558 1257 649 1303 quo
682 1242 806 1285 datur
835 1257 845 1286 :
881 1256 962 1285 nec
990 1255 1198 1302 quantum
1238 1241 1317 1298 sit,
1352 1241 1422 1288 sed
1457 1258 1481 1288 a

198 1316 314 1377 quali
339 1317 581 1378 profeElum
605 1316 831 1362 voluntate
848 1352 860 1372 ‚
885 1317 1183 1378 perpenditur.
1210 1319 1338 1365 Nunc
1366 1336 1480 1366 con-

200 1387 363 1434 ieetura
381 1390 566 1435 tollatur.
587 1391 637 1434 Et
656 1388 762 1434 illud
784 1388 1040 1434 beneficium
1065 1388 1173 1444 fuit,
1193 1406 1236 1436 et
1254 1390 1338 1436 hoc
1357 1392 1481 1454 quod

202 1462 384 1506 modum
419 1461 619 1509 beneficii
656 1462 814 1524 prioris
849 1463 1023 1508 exceffit
1044 1499 1056 1518 ‚
1093 1463 1247 1510 iniuria
1280 1465 1352 1512 est.
1398 1467 1482 1512 Vir

201 1533 342 1579 bonus
373 1533 578 1596 utrosque
614 1533 800 1579 calculos
829 1533 885 1579 sic
919 1535 1045 1596 ponit
1076 1569 1089 1592 ,
1124 1548 1171 1580 ut
1201 1536 1243 1582 se
1273 1536 1361 1598 ipse
1393 1538 1481 1584 cir-

203 1607 461 1653 cumscribat
481 1625 490 1652 :
510 1605 727 1653 beneficio
746 1608 920 1664 adiicit,
948 1609 1127 1654 iniuriae
1149 1609 1297 1656 demin
1323 1610 1395 1656 llle
1419 1611 1482 1656 al-

205 1691 269 1725 ter
289 1679 505 1725 remiffior
524 1680 680 1733 iudex,
701 1697 830 1743 quern
851 1682 935 1726 else
955 1697 1022 1726 me
1045 1682 1160 1726 malo
1174 1714 1188 1737 ‚
1210 1683 1388 1729 iniuriae
1403 1686 1483 1730 ob·

202 1751 340 1797 livisci
361 1752 535 1798 debebit
551 1787 565 1809 ‚
583 1754 719 1800 officii
743 1754 994 1800 meminiffe.
1020 1755 1120 1800 Hoc
1141 1769 1257 1801 certe
1275 1791 1287 1812 ‚
1315 1757 1481 1818 inquit,

203 1821 385 1868 iustitiae
415 1823 648 1879 convenit,
679 1824 801 1870 suum
833 1824 989 1887 cuique
1020 1827 1229 1884 reddere,
1265 1829 1481 1878 beneficio

206 1896 413 1956 gratiam,
438 1889 617 1943 iniuriae
634 1898 864 1952 talionem,
886 1913 958 1944 aut
979 1913 1095 1945 certe
1115 1902 1268 1945 malam
1291 1904 1483 1964 gratiam.

210 1971 374 2013 Verum
402 1969 483 2014 erit
510 1968 648 2026 istud,
675 1987 773 2016 cum
806 1971 910 2016 alius
938 1971 1139 2017 iniuriam
1171 1973 1347 2032 fecerit,
1376 1978 1482 2024 alius

208 2038 470 2086 beneficium
514 2040 697 2086 dederit.
742 2057 838 2086 nam
888 2041 917 2086 fi
961 2042 1078 2088 idem
1122 2044 1220 2102 est,
1264 2047 1481 2096 beneficio

208 2110 276 2156 vis
304 2110 483 2157 iniuriae
509 2112 806 2175 exstinguitur.
840 2114 952 2158 Nam
979 2115 1049 2160 cui
1067 2151 1079 2171 ‚
1108 2116 1234 2161 etiam
1266 2119 1293 2163 si
1326 2122 1480 2167 merita

210 2199 301 2229 non
328 2184 663 2242 antecessissent,
702 2189 936 2248 oportebat
965 2189 1160 2252 ignosci,
1197 2191 1291 2252 post
1323 2192 1482 2239 henefi-

210 2257 278 2302 cia
305 2256 490 2303 laedenti
524 2257 618 2320 plus
649 2276 778 2321 quam
818 2261 948 2306 venia
985 2262 1179 2308 debetur.
1211 2264 1314 2309 Non
1354 2281 1483 2326 pono

211 2329 384 2391 utrique
422 2348 499 2392 par
535 2332 723 2393 pretium
755 2351 765 2379 :
803 2335 934 2395 pluris
973 2335 1151 2382 aestimo
1190 2337 1478 2396 beneficium,

210 2419 339 2464 quarn
366 2403 581 2449 iniuriam.
613 2405 718 2451 Non
751 2423 903 2454 omnes
933 2410 1089 2457 debere
1114 2410 1249 2457 sciunt
1269 2412 1377 2476 grati
1396 2413 1478 2460 be-

210 2473 430 2523 neficium.
465 2477 607 2524 Potest
627 2478 755 2526 etiam
780 2478 1030 2542 imprudens
1047 2517 1060 2541 ‚
1081 2494 1124 2531 et
1139 2483 1282 2542 rudis,
1309 2496 1351 2532 et
1367 2502 1479 2532 unus
