1780 2988
518 194 1095 241 EplsToLAE,
1349 208 1438 256 403

745 303 873 345 Nihil
902 303 1043 346 nimis.

243 378 416 420 Avarus
433 375 604 418 animus
627 377 742 417 nullo
751 375 941 433 finiatur
965 378 1088 418 lucro.

243 450 317 491 Ab
334 449 416 491 alio
436 445 630 506 exspec‘les
644 481 658 502 ‚
678 449 793 490 alteri
818 446 1095 506 quodfeceris.

181 528 299 574 Haec
319 543 416 572 cum
435 526 522 571 istu
539 528 732 589 quodam
750 527 946 572 audimus
959 560 973 582 ‚
1010 541 1090 570 nec
1109 524 1182 570 ulli
1204 523 1307 571 licet
1329 526 1455 573 dubi-2

179 612 267 645 tare
289 613 361 645 aut
386 598 678 661 interrogare,
704 598 887 658 Quare?
917 599 1028 643 adeo
1051 597 1181 643 etiam
1208 598 1294 656 fine
1319 600 1454 645 ratio·

180 689 234 718 ne
263 671 351 733 ipsa
372 671 529 718 veritas
554 671 690 718 ducit.
720 671 763 717 Si
787 670 1032 718 reverentia
1061 669 1226 717 fraenat
1255 672 1454 730 animos,
1518 726 1522 729 ¹

180 757 253 790 aut
280 745 386 791 vitia
409 745 680 806 compescit:
708 762 786 792 cur
814 761 905 791 non
933 744 1178 791 admonitio
1208 745 1324 791 idem
1354 748 1454 808 pos-

182 817 259 862 fit?
292 818 333 863 Si
363 817 552 880 imponit
579 818 796 880 pudorem
827 817 1076 881 castigatio:
1105 834 1183 864 cur
1212 819 1458 866 admonitio

184 908 274 937 non
299 891 450 948 faciat,
468 891 630 937 etiamsi
653 892 776 938 nudis
804 891 1042 954 praeceptis
1061 891 1222 938 utitur?
1244 893 1315 938 Illa
1347 911 1459 941 vero

185 962 406 1009 efficacior
434 962 494 1009 est
515 998 529 1019 ‚
563 977 606 1010 et
635 963 760 1009 altius
793 977 1014 1026 penetrat,
1048 980 1158 1025 quae
1186 965 1362 1011 adiuvat
1388 983 1462 1012 ra-

184 1035 335 1089 tione,
373 1035 501 1097 quod'
531 1034 768 1097 praecipit;
801 1051 911 1096 quae
948 1035 1126 1091 adiicit,
1162 1053 1294 1099 quare
1330 1039 1460 1100 quid-

183 1122 270 1169 que
305 1106 551 1153 faciendum
585 1106 634 1152 fit
653 1139 666 1160 ‚
705 1120 747 1152 et
779 1107 874 1167 quis
901 1106 1126 1153 facientem
1158 1110 1461 1157 obedientem·-

185 1194 271 1240 que
297 1179 542 1241 praeceptis
568 1177 729 1224 suffitus
759 1179 984 1241 exspectet.
1007 1179 1049 1225 Si
1069 1182 1259 1243 imperio
1280 1183 1462 1245 profici-

184 1263 289 1310 tur,
322 1265 365 1298 et
402 1252 705 1298 admonitione
752 1251 981 1313 proficitur
1013 1271 1023 1298 :
1067 1253 1185 1316 atqui
1226 1254 1460 1316 proficitur

186 1323 374 1386 imperio
399 1341 409 1370 ε
438 1340 546 1386 ergo
577 1339 619 1370 et
649 1324 963 1370 admonitione.
996 1327 1041 1370 In
1069 1326 1171 1372 duas
1198 1340 1339 1388 partes
1369 1329 1461 1374 'vir-

185 1411 255 1444 tus
273 1396 482 1442 dividitur
496 1428 509 1451 ,
527 1396 572 1442 in
590 1397 1004 1459 contemplationem
1022 1398 1135 1453 veri,
1156 1412 1199 1445 et
1215 1399 1431 1446 actionem
1450 1418 1464 1449 z

187 1469 607 1530 contemplationem
639 1469 849 1515 institutio
879 1471 1034 1527 tradit,
1064 1471 1274 1517 astionem
1308 1474 1461 1520 admo-

186 1542 310 1588 nitio.
343 1540 563 1586 Virtutem
591 1556 634 1587 et
662 1556 867 1600 exercet,
891 1555 933 1589 et
962 1543 1149 1588 ostendit
1180 1545 1291 1590 recia
1316 1546 1462 1593 actio:

144 1613 337 1658 —aeturo
382 1626 524 1657 autern
563 1611 593 1656 fi
631 1612 807 1674 prodest
843 1613 915 1675 qui
950 1614 1128 1665 suadem
1166 1628 1209 1659 et
1243 1615 1317 1676 qui
1361 1634 1461 1663 mo·-

187 1697 282 1740 net,
315 1683 525 1746 proderit.
562 1686 680 1747 Ergo
706 1685 735 1730 fi
760 1687 872 1731 reita
899 1685 1011 1731 aestio
1045 1686 1197 1732 virtuti
1230 1689 1460 1736 necessaria

185 1755 273 1813 est,
305 1756 441 1802 redas
474 1769 619 1803 autem
652 1757 842 1804 actiones
879 1758 1125 1804 admonitio
1160 1759 1462 1821 demonstrat,

184 1841 227 1875 et
246 1828 491 1876 admonitio
508 1829 747 1876 -neceffaria
769 1830 842 1877 est.
872 1832 1001 1878 Duae
1027 1848 1096 1877 res
1123 1831 1357 1892 plurimum
1382 1851 1460 1880 ro-

187 1901 306 1948 boris
332 1901 480 1947 animo
510 1902 639 1959 dant,
663 1901 769 1948 fides
792 1904 914 1961 veri,
943 1916 985 1949 et
1007 1903 1167 1950 fiducia
1190 1921 1201 1949 :
1229 1920 1460 1970 utramque

187 1975 434 2021 admonitio
460 1973 574 2030 facit.
612 1976 726 2021 Nam
754 1990 797 2022 et
819 1977 1009 2022 creditur
1039 1977 1097 2022 illi
1114 2009 1127 2032 ,
1163 1994 1206 2025 et
1231 1996 1331 2027 cum
1359 1998 1460 2027 cre-

187 2047 325 2096 ditum
351 2046 436 2104 est,
461 2063 644 2109 magnos
673 2049 841 2095 animus
876 2047 1045 2111 spiritus
1081 2051 1297 2113 concipit,
1337 2069 1386 2100 ac
1403 2052 1461 2099 fi-

187 2119 314 2165 ducia
336 2118 543 2181 impletur
565 2137 576 2166 z
597 2136 702 2182 ergo
723 2122 966 2168 admonitio
989 2139 1079 2169 non
1100 2123 1160 2169 est
1179 2123 1459 2186 supervacua.

184 2193 246 2237 M.
275 2192 494 2254 Agrippa,
528 2192 598 2239 vir
618 2193 814 2256 'ingentis
843 2194 1002 2253 animi,
1033 2195 1107 2259 qui
1141 2196 1253 2243 solus
1295 2215 1351 2245 ex
1390 2200 1457 2246 his

184 2279 299 2325 quos
324 2262 471 2309 civilia
500 2264 609 2310 bella
637 2266 776 2312 claros
798 2279 1086 2331 potentesque
1112 2268 1328 2328 fecerunt,
1354 2271 1459 2320 felix

183 2332 228 2380 in
260 2334 481 2396 publicum
509 2335 617 2393 fuit,
651 2337 795 2385 dicere
829 2338 1022 2397 solebat,
1059 2341 1241 2388 multum
1276 2344 1317 2391 se
1351 2344 1456 2392 huic

180 2406 336 2452 debere
369 2405 604 2453 sententiae
628 2425 639 2454 ε
659 2409 772 2454 Nam
797 2411 1035 2457 concordia
1055 2429 1216 2475 parvae
1247 2430 1317 2461 res
1340 2417 1457 2464 cres-

176 2494 305 2540 cunt,
330 2480 544 2530 discordia
567 2482 781 2531 maximae
812 2483 1072 2532 (mabuntur.
1102 2486 1197 2535 Hac
1217 2486 1258 2535 se
1283 2487 1423 2536 aiebat
1435 2525 1453 2548 ‚

1084 2551 1162 2599 Cc
1199 2569 1226 2600 2
1361 2555 1371 2566 ‘
