1807 3004
548 184 1127 240 EPISTOLAE.
1423 182 1478 256 ᾗς)

196 298 314 345 nulla
333 297 448 346 vitae
464 298 612 360 quiete
632 297 861 361 contingit.
884 297 1008 357 Quid
1025 298 1141 344 euim
1160 297 1214 344 ad
1231 313 1322 345 rem
1345 299 1482 361 perti*

196 382 290 428 net,
303 387 356 417 an
375 383 423 417 tu
440 371 663 434 quiescere
681 370 822 417 velis?
838 370 1013 417 fortuna
1033 382 1104 417 tua
1122 387 1214 418 non
1233 372 1341 419 vult.
1357 373 1482 431 Quid

195 444 228 490 fi
258 445 318 490 illi
347 445 477 492 etiam
506 461 621 491 nunc
645 443 895 506 permiseris
929 443 1154 491 crescere?
1189 454 1398 508 quantum
1430 445 1484 490 ad

196 516 435 564 successum
469 517 721 572 accesserit,
755 518 930 565 accedet
959 518 1013 563 ad
1041 530 1221 565 metum.
1249 518 1371 564 Volo
1405 517 1485 564 tibi

198 589 286 636 hoc
318 589 423 636 loco
454 589 617 636 referre
649 590 812 636 diuum
847 589 1111 636 Maecenatis
1130 626 1143 648 ‚
1178 606 1281 638 vera
1311 589 1355 635 in
1386 589 1486 652 ipso

197 663 351 712 eculeo
371 663 536 711 docuit.
561 663 654 727 Ipsa
677 663 794 709 enim
824 663 1201 719 altitudoattonat
1231 664 1409 710 summa.
1441 662 1486 708 Si

197 734 394 798 quaeris,
424 736 469 781 in
489 753 580 802 quo
601 736 717 782 iibro
737 735 926 793 dixerit,
952 735 996 782 in
1015 752 1070 782 eo
1096 737 1171 799 qui
1199 737 1487 783 Prometheus

197 807 463 855 inscribitur.
485 810 571 856 hoc
589 808 737 859 voluit
756 808 903 856 dicere
919 844 934 867 ,
955 808 1138 856 attonita
1157 809 1288 855 habet
1307 808 1487 856 summa,

197 880 271 927 Est
302 897 409 944 ergo
435 882 540 928 tanti
567 882 653 928 ulla
685 882 884 944 potentia
907 918 919 940 ,
952 894 999 929 ut
1030 881 1081 928 sit
1108 881 1186 928 tibi
1218 895 1307 929 tam
1339 881 1488 928 ebrius

198 955 372 1001 sermo?
401 955 652 1018 ingeniosus
671 956 740 1002 vir
760 957 829 1002 ille
860 955 967 1014 fuit,
1001 972 1208 1018 magnum
1240 956 1488 1017 exemplum

198 1027 428 1074 Romanae
458 1028 731 1092 eloquentiae
758 1030 963 1087 daturus,
993 1028 1071 1074 nisi
1100 1029 1220 1075 iilum
1246 1027 1491 1074 enervasset

199 1099 410 1157 felicitas,
447 1099 541 1145 imo
576 1100 804 1147 castraffet.
841 1101 926 1146 Hic
958 1113 1000 1147 te
1033 1100 1172 1147 exitus
1208 1111 1380 1153 manet,
1414 1098 1492 1145 nifi

199 1169 286 1216 iam
306 1171 537 1217 contrahas
557 1171 676 1227 vela,
710 1171 785 1217 nifi
807 1171 961 1234 (quod
993 1170 1066 1219 ille
1093 1171 1188 1218 sero
1209 1169 1388 1234 voluit)
1407 1183 1493 1216 ter-

198 1260 294 1293 ram
312 1245 440 1307 leges⁹
458 1245 660 1290 Poteram
680 1260 825 1293 tecum
841 1259 885 1291 et
903 1245 983 1291 hac
1000 1244 1264 1290 Maecenatis
1283 1243 1493 1290 sententia

200 1332 352 1378 parem
376 1315 518 1364 facere
542 1317 760 1364 rationem
785 1334 795 1363 :
822 1316 900 1364 sed
930 1316 1136 1363 movebis
1164 1316 1272 1362 mihi
1303 1315 1493 1363 contro-

202 1389 414 1445 versiam,
449 1389 479 1434 fi
506 1400 547 1434 te
574 1389 712 1446 novi,
741 1406 823 1436 nec
850 1390 976 1435 voles
1002 1390 1124 1451 quod
1152 1389 1323 1445 debeo,
1354 1388 1399 1433 in
1426 1388 1491 1434 as·

200 1475 311 1523 pero
329 1473 372 1507 et
395 1460 542 1521 probo
568 1460 782 1522 accipere.
812 1464 874 1508 Ut
892 1461 933 1507 se
956 1477 1024 1507 res
1048 1461 1201 1519 habet,
1220 1462 1274 1506 ab
1295 1462 1494 1522 Epicuro

201 1531 380 1579 versura
399 1532 596 1579 facienda
617 1533 691 1580 est.
711 1538 847 1591 Ante,
862 1533 1004 1596 inquit
1018 1566 1032 1589 ‚
1049 1532 1493 1595 circumspiciendum

203 1604 285 1661 est,
317 1622 417 1652 cum
446 1606 604 1669 quibus
630 1607 732 1653 edas
761 1621 805 1653 et
834 1606 986 1663 bibas,
1017 1623 1149 1669 quam
1180 1605 1288 1669 quid
1315 1606 1415 1653 edas
1449 1620 1494 1653 et

158 1710 163 1716 -
204 1678 338 1724 bibas.
355 1679 471 1724 Nam
495 1679 582 1725 fine
606 1679 750 1726 amico
770 1678 1024 1736 visceratio,
1046 1678 1187 1725 leonis
1212 1695 1262 1724 ac
1287 1677 1378 1739 lupi
1404 1678 1496 1725 vita

206 1749 281 1796 est.
310 1751 412 1797 Hoc
432 1767 521 1796 non
543 1751 769 1814 continget
785 1751 864 1798 tibi
883 1786 895 1807 ,
919 1752 995 1797 nifi
1022 1751 1239 1798 secesseris
1262 1768 1272 1796 :
1294 1751 1494 1813 alioquin

203 1823 385 1870 habebis
406 1824 642 1879 convivas,
662 1842 776 1888 quos
793 1842 847 1871 ex
865 1826 989 1871 turba
1010 1825 1284 1872 salutantium
1306 1841 1495 1871 nomen·-

206 1896 348 1943 clator
381 1896 610 1962 digesserit.
642 1899 768 1944 Errat
796 1910 940 1944 autem
970 1897 1046 1960 qui
1083 1897 1271 1945 amicum
1305 1897 1351 1944 in
1380 1898 1520 1944 atrio⁴

209 1968 406 2031 quaerit,
437 1970 483 2015 in
512 1968 730 2018 convivio
767 1971 941 2033 probat.
976 1970 1156 2016 Nuilum
1187 1970 1319 2017 habet
1354 1970 1494 2016 maius

208 2042 369 2087 malum
389 2057 626 2103 occupatus
643 2043 808 2100 homo,
828 2056 870 2089 et
886 2042 1015 2088 bonis
1032 2042 1114 2089 suis
1133 2042 1341 2099 obsessus,
1358 2059 1492 2105 quam

209 2112 332 2175 quod
351 2111 517 2159 amicos
546 2113 623 2159 fibi
650 2125 801 2176 putat,
830 2113 987 2183 quibus
1017 2113 1108 2176 ipse
1132 2129 1226 2160 non
1251 2113 1341 2161 est:
1371 2113 1494 2177 quod

210 2182 424 2232 beneficia
451 2184 520 2230 sua
548 2185 740 2232 efficacia
770 2185 933 2233 iudicat
971 2185 1024 2231 ad
1057 2184 1358 2235 conciliandos
1384 2185 1496 2232 ami-

210 2273 289 2305 cos
304 2291 319 2312 ‚
351 2273 452 2304 cum
471 2257 651 2320 quidam
665 2292 678 2313 ‚
705 2275 796 2321 quo
816 2258 913 2320 plus
930 2258 1120 2318 debent,
1149 2259 1285 2323 magis
1306 2259 1498 2307 oderint-

211 2332 332 2377 Leve
351 2344 422 2376 aes
442 2330 631 2376 alienum
654 2331 902 2378 debitorem
931 2331 1062 2389 facit,
1095 2347 1228 2395 grave
1248 2330 1496 2379 inimicum,

211 2401 341 2463 Quid
354 2401 494 2465 ergo?
515 2402 725 2451 beneficia
744 2419 835 2449 non
854 2415 1007 2466 parant
1023 2404 1237 2452 amicitias
1255 2404 1274 2451 ἓ
1308 2408 1460 2467 parant
1478 2440 1496 2462 ‚

212 2475 246 2529 si
279 2492 540 2541 accepturos
575 2477 700 2529 licuit
730 2479 891 2543 eligere
907 2497 924 2538 f,
953 2478 986 2527 fi
1015 2479 1203 2540 collata,
1234 2495 1327 2527 non
1360 2480 1501 2545 sparsa
