1797 2956
275 173 366 218 216
533 172 917 218 L.ANNAEI
968 172 1326 218 SENECAE

270 294 314 324 te
331 277 415 325 effe
440 277 778 324 infirmiffimum
799 277 966 324 senties.
1004 279 1121 324 Nota
1139 278 1267 325 habet
1289 277 1471 342 quisque
1488 276 1562 328 fus

268 352 471 415 corporis
499 353 619 399 vitia.
633 354 777 415 itaque
800 352 904 398 alius
927 353 1100 400 vomitu
1119 355 1233 400 levat
1260 353 1550 409 stomachum,

270 425 379 471 alius
409 423 629 487 frequenti
654 424 757 470 cibo
784 423 938 482 fulcit,
968 424 1074 471 alius
1101 425 1360 487 interpolito
1388 425 1553 472 ieiunio

269 515 435 560 corpus
465 498 663 544 exhaurit
693 510 735 544 et
761 510 926 560 purgat.
962 498 1021 543 Hi
1050 515 1240 560 quorum
1270 500 1400 559 pedes
1423 499 1554 544 dolor

270 572 453 634 repetit,
494 587 566 618 aut
600 572 708 619 vino
752 588 824 618 aut
852 572 1009 618 balneo
1046 572 1294 617 abstinent:
1330 573 1374 618 in
1410 584 1553 619 cetera

270 645 561 706 negligentes,
592 644 720 700 huic,
757 662 780 690 a
809 661 901 706 quo
936 645 1057 705 saepe
1083 643 1362 701 infestantur,
1391 660 1556 690 occur-

270 728 387 762 runt.
421 717 492 762 Sic
522 719 566 762 in
599 718 748 764 animo
778 717 929 764 nostro
961 717 1057 762 sunt
1081 716 1198 779 quafi
1218 715 1431 763 causariae
1453 733 1554 777 par-

270 800 336 835 tes
353 824 365 845 ‚
397 790 554 852 quibus
578 791 821 836 adhibenda
851 790 1024 836 curatio
1052 790 1123 835 est.
1153 789 1276 848 Quid
1296 788 1340 833 in
1361 790 1459 835 otio
1487 787 1555 834 fa-

274 861 378 908 cio?
413 863 534 919 ulcus
565 881 712 909 meum
748 856 873 909 curo.
908 863 949 908 si
982 862 1254 908 ostenderem
1287 860 1364 906 tibi
1398 862 1556 923 pedem

278 933 499 995 turgidum
522 967 535 988 ‚
561 935 739 981 lividam
763 924 940 981 manum
965 948 1037 981 aut
1066 932 1279 980 contraffi
1307 933 1444 979 cruris
1472 933 1559 978 ari·

273 1005 356 1053 dos
383 1025 572 1065 nervos,
605 1008 878 1070 permitteres
909 1008 1014 1054 mihi
1049 1024 1140 1053 uno
1172 1007 1279 1052 loco
1315 1007 1487 1062 iacere,
1517 1020 1560 1054 et
1596 1048 1598 1051 ,

275 1078 435 1126 fovere
459 1084 666 1127 morbum
686 1099 832 1128 meum
853 1100 863 1127 ε
885 1084 1023 1127 maius
1039 1082 1204 1126 malum
1221 1079 1282 1125 est
1301 1080 1410 1136 hoc,
1436 1081 1560 1144 quod

275 1171 370 1200 non
404 1157 573 1215 poffuxn
607 1156 688 1203 tibi
722 1157 961 1202 ostendere.
984 1158 1033 1201 In
1066 1156 1246 1218 peRore
1278 1155 1484 1202 colleffio
1517 1170 1560 1204 et

278 1229 457 1274 vomica
475 1228 550 1276 est.
579 1229 702 1275 Nolo
721 1230 891 1286 laudes,
919 1229 1026 1274 nolo
1046 1229 1185 1274 dicas:
1209 1232 1253 1273 O
1271 1245 1477 1291 magnum
1493 1228 1561 1274 vi-

279 1301 405 1346 rum!
437 1303 665 1349 contemsit
691 1302 867 1359 omnia,
898 1315 940 1348 et
971 1300 1181 1347 damnatis
1206 1301 1421 1348 humanae
1447 1302 1564 1349 vitae

281 1373 502 1423 furoribus
530 1376 655 1439 fugit.
692 1375 812 1422 Nihil
841 1376 1081 1431 damnavi,
1108 1373 1185 1420 nifi
1217 1390 1316 1419 me:
1350 1390 1441 1420 non
1471 1373 1562 1430 est,

281 1451 404 1509 quod
435 1449 696 1512 proficiendi
727 1448 850 1496 causa
881 1448 1034 1497 venire
1061 1447 1116 1494 ad
1148 1464 1218 1494 me
1251 1447 1375 1494 veiis.
1401 1451 1528 1494 Erras
1547 1479 1563 1503 ‚

282 1519 360 1581 qui
380 1520 480 1566 hinc
504 1521 668 1583 aliquid
685 1520 835 1566 auxilii
859 1519 1013 1582 speras.
1041 1535 1131 1565 non
1157 1518 1351 1566 medicus
1366 1554 1380 1575 ‚
1402 1518 1475 1565 sed
1491 1536 1564 1566 ae-

283 1609 358 1654 ger
377 1592 447 1639 hic
465 1592 638 1639 habitat.
658 1593 779 1639 Malo
796 1593 889 1650 ma,
910 1610 1009 1639 cum
1032 1591 1266 1638 discesseris
1280 1624 1294 1647 ‚
1316 1591 1432 1638 dicas
1449 1610 1459 1638 τ
1478 1609 1565 1656 ego

285 1665 414 1712 istum
436 1667 608 1713 beatum
634 1666 861 1713 hominem
883 1667 1086 1727 putabam
1103 1700 1116 1722 ‚
1145 1677 1186 1711 et
1205 1665 1422 1711 eruditum
1440 1682 1450 1710 :
1472 1681 1567 1712 ere?

286 1755 435 1784 xeram
456 1755 594 1786 aures.
612 1739 837 1785 destitutus
860 1738 949 1785 sum
965 1773 978 1795 ,
998 1737 1106 1783 nihil
1124 1737 1216 1783 vidi
1231 1772 1244 1794 ,
1272 1737 1375 1783 nihil
1392 1737 1567 1794 audivi,

285 1812 410 1874 quod
448 1812 803 1874 concupiscerem
823 1848 836 1869 ‚
871 1812 925 1858 ad
954 1811 1078 1873 quod
1109 1822 1369 1858 reverterer.
1403 1809 1446 1855 Si
1481 1810 1567 1856 hoc

287 1885 442 1941 sentis,
466 1885 496 1930 fi
526 1887 613 1933 hoc
632 1886 823 1948 loqueris
843 1922 856 1942 ‚
875 1885 1038 1947 aliquid
1065 1883 1310 1946 profefhim
1335 1881 1409 1929 est.
1443 1883 1568 1928 Malo

286 1957 484 2015 ignoscas
505 1958 601 2004 otio
628 1974 751 2012 meo,
784 1975 912 2020 quam
939 1957 1150 2003 invideas.
1181 1956 1366 2012 Otium,
1393 1955 1568 2018 inquis,

287 2031 449 2076 Seneca
465 2067 477 2087 ,
502 2030 609 2076 mihi
630 2030 939 2077 commendas?
966 2030 1019 2076 ad
1038 2030 1268 2091 Epicureas
1293 2045 1430 2076 voces
1455 2029 1566 2075 dila-

289 2105 413 2151 beris.
432 2105 589 2151 Otium
611 2105 689 2151 tibi
718 2098 988 2151 commendo
1004 2139 1016 2159 ,
1043 2103 1088 2148 in
1107 2120 1198 2166 quo
1223 2103 1390 2149 maiora
1409 2118 1508 2164 agas
1527 2113 1568 2148 et

289 2178 566 2240 pulchriora,
603 2195 736 2240 quam
766 2194 878 2240 quae
911 2175 1134 2238 reliquisti.
1163 2175 1332 2222 Pulsare
1369 2174 1571 2236 superbas

289 2252 591 2313 potentiorum
621 2252 739 2300 fores
754 2288 767 2310 ‚
794 2252 987 2314 digerere
1009 2251 1052 2296 in
1073 2243 1240 2297 literam
1262 2249 1381 2296 senes
1403 2247 1539 2294 orbos
1554 2282 1569 2304 ,

291 2327 530 2387 plurimum
553 2326 595 2370 in
617 2326 721 2372 foro
740 2325 862 2387 poffe
877 2360 888 2380 ‚
911 2321 1126 2370 invidiosa
1146 2321 1406 2381 potentia-ac
1423 2318 1568 2366 brevis

292 2397 381 2454 est,
411 2408 482 2451 et,
507 2397 537 2442 fi
569 2414 723 2444 verum
758 2395 977 2450 aestimes,
1011 2392 1198 2439 sordida.
1231 2392 1302 2438 lile
1337 2407 1406 2436 me
1436 2388 1567 2451 gratia

292 2469 455 2516 forenfi
483 2470 614 2532 longe
644 2468 872 2516 antecedit.
896 2467 966 2513 ille
995 2463 1220 2528 stipendiis
1251 2461 1506 2517 militaribus
1527 2470 1570 2513 et
