1807 3004
1370 112 1401 154 s

317 205 377 264 48
557 207 604 252 L.
658 206 958 252 ANNAEI
1011 205 1368 254 SENECAE

316 330 402 375 que
421 311 501 360 tibi
520 314 635 376 apud
663 329 733 358 nie
766 312 959 374 pluribus
983 313 1126 360 verbis
1153 330 1266 376 opus
1291 331 1381 360 non
1409 314 1497 372 est,
1520 329 1593 365 aut

315 385 536 434 affirmatis
556 424 567 445 ,
589 400 661 434 aut
690 402 779 432 tam
804 387 946 450 longis
967 405 977 433 :
1002 387 1198 452 intelligo
1217 403 1258 434 te
1284 391 1467 436 multum
1490 407 1596 454 pro-

314 459 473 506 secifl'e.
511 462 638 520 Quae
669 460 816 507 scribis
832 494 846 515 ‚
870 461 986 506 unde
1012 462 1192 508 veniant
1215 461 1306 507 scio
1331 480 1341 508 :
1374 480 1466 509 non
1498 463 1596 510 sunt

314 531 410 578 fiela
425 568 438 590 ,
461 550 540 579 nec
568 532 776 579 colorata.
804 533 966 579 Dicam
990 545 1136 579 tamen
1157 533 1264 595 quid
1293 534 1483 582 sentiam.
1507 536 1595 583 iam

314 606 368 652 de
396 618 438 652 te
468 606 587 668 spem
617 605 790 664 habeo,
824 605 1022 652 nondum
1053 603 1272 651 fiduciam.
1305 607 1381 653 Tu
1411 625 1594 673 quoque

311 679 431 726 idem
461 679 620 736 facias,
648 679 771 724 volo.
797 694 888 724 non
918 677 979 723 est
1011 677 1135 740 quod
1162 678 1238 723 tibi
1269 678 1360 725 cito
1393 691 1436 726 et
1468 679 1595 726 facile

312 752 463 798 credas
483 768 493 797 :
516 763 673 798 excute
696 765 764 805 te,
794 762 837 796 et
863 749 982 796 varie
1011 751 1219 805 scrutare,
1235 764 1279 796 et
1306 751 1501 798 observa.
1537 753 1595 798 ll-

313 824 387 870 lud
418 836 516 870 ante
544 824 693 869 omnia
721 823 853 880 vide,
882 833 1028 868 utrum
1055 822 1101 867 in
1130 821 1431 885 philosophia,
1459 841 1514 870 an
1546 824 1593 870 in

310 894 401 961 ipsa
434 898 524 944 vita
559 897 815 961 profeceris.
851 898 956 944 Non
983 895 1043 942 est
1074 896 1350 960 philosophia
1381 900 1592 962 populare
1663 945 1665 948 .

298 964 542 1018 *artificium
559 1006 571 1026 ,
593 987 673 1016 nec
691 969 970 1017 ostentationi
988 984 1184 1032 paratum
1205 988 1215 1016 ε
1241 986 1331 1017 non
1354 971 1398 1017 in
1418 971 1565 1019 verbis
1580 1007 1594 1029 ,

310 1042 385 1089 sed
415 1043 461 1088 in
493 1042 622 1089 rebus
651 1041 726 1088 est.
770 1041 866 1088 Nec
896 1041 941 1086 in
969 1040 1056 1088 hoc
1090 1040 1347 1098 adhibetur,
1377 1054 1424 1088 ut
1449 1042 1593 1106 aliqua

310 1115 606 1163 o'blefilatione
631 1114 1048 1179 consumatur'dies,
1067 1130 1116 1161 ut
1143 1115 1343 1162 dematur
1364 1115 1460 1162 otio
1487 1134 1593 1162 nau-

310 1190 407 1237 sea:
433 1189 626 1235 animum
653 1186 816 1233 format
841 1185 1104 1243 et'fabricat,
1127 1186 1262 1232 vitani
1291 1187 1498 1249 disponit,
1520 1205 1594 1234 ac-

309 1263 454 1310 tiones
485 1261 616 1324 regit,
651 1260 816 1323 agenda
847 1272 891 1305 et
922 1258 1162 1304 omittenda
1197 1259 1490 1319 demonstrat,
1527 1261 1591 1306 se-

309 1336 383 1382 det
410 1335 462 1381 ad
489 1331 857 1397 gubernaculum,
882 1344 926 1378 et
953 1347 1031 1393 per
1058 1330 1263 1392 ancipitia
1291 1330 1590 1379 ssuEluantium

310 1407 457 1472 dirigit
485 1404 670 1453 cursum.
701 1403 788 1449 sine
815 1403 896 1449 hac
921 1418 1053 1448 nemo
1084 1401 1257 1449 securus
1283 1401 1356 1448 est.
1387 1404 1590 1449 Innume—

308 1479 461 1527 rabilia
486 1477 690 1526 accidunt
719 1475 891 1539 singulis
920 1475 1070 1532 horis,
1098 1491 1208 1538 quae
1241 1474 1467 1522 confilium
1495 1477 1590 1524 exi-

310 1566 450 1620 gunt,
481 1553 606 1616 quod
636 1550 691 1597 ab
726 1550 808 1596 hac
844 1550 1084 1612 petendum
1116 1548 1189 1595 est.
1228 1548 1366 1596 Dicet
1393 1550 1551 1615 aliquis
1580 1569 1590 1597 :

309 1629 436 1690 Quid
466 1626 573 1673 mihi
601 1623 779 1688 prodest
806 1622 1109 1686 philosophia,
1135 1619 1165 1668 si
1195 1622 1333 1669 fatum
1361 1623 1451 1670 est?
1485 1626 1591 1688 quid

307 1701 508 1766 prodest,
535 1700 565 1746 fi
596 1700 722 1746 Deus
750 1698 896 1743 reffior
927 1695 1021 1743 est?
1047 1695 1152 1761 quid
1183 1696 1388 1774 prodest,
1413 1698 1444 1744 fi
1470 1700 1589 1746 casus

271 1792 273 1794 ’
308 1774 521 1838 imperat?
562 1774 674 1818 Nam
696 1784 739 1818 et
769 1771 926 1817 mutari
953 1784 1070 1818 certa
1100 1787 1192 1817 non
1221 1747 1426 1834 poliunt,
1452 1786 1495 1819 et
1519 1774 1590 1819 ni-

307 1849 370 1896 hil
399 1847 645 1909 praeparari
674 1843 816 1907 potest
844 1845 1049 1892 adversus
1080 1844 1246 1892 incerta
1275 1862 1286 1891 ε
1315 1845 1345 1891 fi
1376 1861 1448 1892 aut
1477 1864 1587 1894 con-

307 1921 449 1969 filium
468 1936 617 1966 meum
647 1919 772 1965 Deus
797 1918 1055 1981 occupavit,
1079 1919 1363 1982 decrevitque
1390 1921 1494 1983 quid
1521 1920 1588 1967 fa—

309 2011 478 2052 cerem,
497 2004 569 2039 aut
586 1991 769 2039 consilio
789 2007 894 2037 meo
910 1990 972 2036 nil
991 1989 1168 2037 fortuna
1185 1992 1411 2053 permittit.
1443 1993 1592 2053 Quid·

307 2068 416 2132 quid
442 2065 504 2113 est
527 2083 581 2111 ex
600 2065 667 2111 his
685 2099 698 2120 ,
720 2063 858 2111 Lucili
877 2100 891 2121 ,
909 2064 982 2111 vel
1002 2063 1031 2109 fi
1049 2064 1200 2110 omnia
1218 2065 1324 2111 haec
1343 2065 1459 2121 sunt,
1488 2066 1589 2128 phi-

307 2141 633 2205 losophandum
658 2138 718 2186 est
736 2157 745 2183 ι
762 2138 852 2186 {ive
873 2155 956 2186 nos
977 2137 1234 2185 inexorabili
1258 2137 1354 2201 lege
1374 2138 1458 2185 fata
1477 2142 1597 2187 con-⁷

307 2217 547 2280 stringunt,
579 2214 667 2262 sive
693 2214 854 2261 arbiter
891 2215 1014 2261 Deus
1043 2213 1230 2260 universi
1265 2213 1415 2260 mucia
1441 2213 1590 2276 dispo-

309 2291 402 2349 nit,
428 2292 518 2337 sive
549 2289 670 2336 casus
697 2306 765 2336 res
797 2290 1004 2335 humanas
1033 2287 1121 2334 fine
1150 2288 1310 2335 ordine
1336 2288 1519 2350 impellit
1543 2303 1588 2335 et

307 2364 457 2421 iaciat,
484 2361 764 2426 philosophia
794 2378 876 2408 nos
903 2361 1014 2408 tueri
1043 2362 1185 2410 debet.
1225 2363 1346 2409 Haec
1371 2356 1583 2406 adhorta-

308 2437 448 2492 bitur,
477 2449 523 2482 ut
553 2436 658 2482 Deo
686 2434 869 2482 libenter
893 2450 1141 2497 pareamus,
1171 2446 1218 2479 ut
1246 2431 1450 2478 fortunae
1479 2447 1586 2477 con2

244 2530 248 2532 ‘
308 2508 537 2557 tumaciter
559 2507 800 2555 resistamus
817 2525 827 2554 :
847 2507 955 2554 haec
974 2506 1178 2566 docebit,
1197 2518 1244 2552 ut
1267 2505 1417 2552 Deum
1438 2502 1587 2566 sequa·
