1807 3004
233 183 286 241 56
486 184 535 230 L.
577 183 872 228 ANNAEI
917 181 1256 229 SENECAE

290 315 440 368 Ande,
467 313 605 372 hospes
617 347 630 368 ‚
649 327 897 359 contemnere
917 329 1033 375 opes,
1051 310 1093 359 G
1112 328 1146 357 te
1166 330 1319 374 quoque
1339 314 1509 374 dignum

289 397 418 457 Finge
436 396 546 440 Deo.

223 504 373 549 Nemo
393 502 500 549 alius
527 501 587 546 est
608 501 713 546 Deo
733 500 890 564 dignus
906 536 919 557 ‚
938 517 1067 564 quam
1089 500 1163 564 qui
1186 516 1293 563 opes
1309 513 1510 548 contem-

223 575 287 623 fit.
312 590 496 637 quarum
526 572 786 634 pOffeffione
818 573 897 618 tibi
930 589 1020 618 non
1046 572 1262 619 interdico
1283 590 1293 617 ε
1317 573 1388 620 sed
1412 573 1510 618 effi-

224 664 324 701 cere
344 647 475 703 volo,
493 660 540 691 ut
560 645 652 691 illas
670 645 888 707 intrepide
908 643 1134 707 possideas.
1152 644 1273 706 quod
1293 660 1386 689 uno
1402 660 1511 692 con-

224 719 412 783 sequeris
443 717 607 774 modo,
629 716 658 762 si
691 732 733 764 te
763 717 890 764 etiam
917 717 1003 763 sine
1033 716 1114 763 iuis
1146 717 1266 762 beate
1293 716 1511 765 vieiurum

224 789 477 854 persuaseris
506 790 611 844 tibi;
643 789 673 836 fi
693 789 782 836 illas
806 803 1012 852 tanquam
1032 791 1219 835 exituras
1241 788 1410 850 semper
1434 788 1513 833 ad«-

224 865 428 926 spexeris.
453 865 534 910 Sed
561 863 646 910 iam
676 863 936 926 incipiamus
968 862 1196 925 epistolam
1230 862 1511 924 complicare,

225 940 349 986 Prius
364 973 378 994 ‚
398 938 543 1001 inquis
558 973 570 995 ,
594 938 728 983 redde
746 939 871 1000 quod
893 938 1038 984 debes.
1060 937 1290 999 Delegabo
1308 935 1386 981 tibi
1408 935 1510 997 Epi-

154 1063 156 1066 ,
226 1031 379 1060 curum
410 1031 420 1059 ε
453 1012 507 1059 ab
537 1011 614 1057 ilio
643 1010 716 1059 fiet
740 1010 1000 1057 numeratio.
1030 1010 1270 1056 Immodica
1292 1009 1353 1054 ira
1376 1008 1513 1071 gignit

225 1087 446 1133 insaniam,
462 1086 563 1131 Hoc
581 1101 710 1146 quam
730 1101 884 1130 verum
903 1083 977 1141 sit,
993 1083 1161 1130 necesse
1180 1082 1239 1128 est
1260 1082 1365 1128 scias
1380 1117 1392 1138 ‚
1412 1098 1513 1128 cum

225 1158 425 1205 habueris
446 1171 488 1202 et
506 1158 678 1203 servum
694 1193 706 1214 ,
735 1171 777 1203 et
795 1157 1038 1203 inimicum.
1068 1158 1114 1205 In
1134 1172 1288 1202 omnes
1308 1155 1515 1218 personas

226 1232 298 1279 hic
317 1230 555 1279 exardescit
573 1230 749 1276 affeffiis
769 1248 779 1275 :
799 1245 886 1276 tam
907 1247 960 1275 ex
978 1246 1129 1276 amore
1149 1228 1335 1277 nascitur
1348 1264 1362 1286 ‚
1379 1246 1513 1292 quam

227 1323 283 1352 ex
305 1306 414 1351 odio
438 1321 449 1350 :
469 1320 560 1349 non
581 1302 728 1349 minus
752 1301 864 1349 inter
887 1301 993 1348 seria
1008 1336 1021 1359 ‚
1050 1319 1183 1364 quam
1208 1301 1320 1348 inter
1337 1301 1451 1350 lusus
1469 1311 1514 1349 et

227 1376 368 1424 iocos.
388 1376 486 1422 Nec
506 1374 679 1421 interest
693 1406 707 1429 ‚
738 1391 792 1421 ex
811 1391 944 1437 quam
970 1389 1126 1437 magna
1145 1373 1269 1421 causa
1289 1374 1486 1422 nascatur
1499 1410 1515 1432 ‚

226 1451 298 1498 sed
318 1450 364 1496 in
384 1449 556 1512 qualem
578 1448 802 1510 perveniat
815 1447 1024 1496 animum.
1043 1448 1114 1494 Sic
1133 1446 1246 1509 ignis
1267 1463 1356 1494 non
1376 1446 1513 1512 refert

227 1540 360 1588 quam
380 1539 582 1586 magnus,
602 1522 670 1568 sed
691 1539 782 1585 quo
801 1521 980 1569 incidat.
997 1537 1097 1567 nam
1118 1519 1247 1567 etiam
1268 1509 1512 1567 maximum

229 1596 369 1650 solida
390 1614 482 1643 non
502 1609 758 1659 receperunt
780 1613 790 1641 ;
810 1594 955 1641 rursus
975 1595 1090 1640 arida
1107 1629 1121 1650 ‚
1146 1606 1190 1639 et
1215 1592 1380 1655 corripi
1403 1592 1515 1640 faci-

227 1670 309 1728 ha,
348 1669 572 1720 scintillam
605 1684 788 1730 quoque
820 1667 978 1720 fovent
1003 1668 1137 1730 usque
1170 1666 1215 1712 in
1248 1666 1513 1716 incendium.

230 1745 293 1789 lta
323 1741 411 1798 est,
446 1741 504 1787 mi
538 1741 673 1788 Luciii
689 1777 701 1797 ,
734 1740 918 1804 ingentis
950 1740 1037 1786 irae
1070 1738 1236 1794 exitus,
1272 1739 1397 1785 furor
1426 1738 1511 1785 est:

206 1827 274 1862 et
303 1815 405 1860 ideo
427 1814 490 1862 ira
511 1813 686 1867 vitanda
718 1814 803 1874 est,
827 1831 918 1867 non
942 1813 1261 1867 moderationis
1278 1813 1422 1873 causa,
1439 1813 1513 1867 sed

175 1903 177 1905 ’
229 1888 429 1939 sanitatis,
1424 1902 1427 1903 ⁷
