1855 2999
312 321 374 376 L.
444 318 871 374 ANNAEI
940 319 1442 376 SENECAE

245 454 458 541 AD
572 452 1521 543 LUCILI-UM

432 622 1324 700 EPISTOLAE.

252 778 613 789 ——n—-nn——n—
620 779 1301 792 ——-———-———-—-———

443 867 921 914 EPISTOLA
1007 869 1321 916 PRIMA.

244 995 454 1055 Temporis
471 995 792 1059 aestimationem
821 993 862 1042 G*
895 1015 921 1041 u
944 1015 1012 1042 um
1035 999 1193 1043 Lucilio
1227 1002 1485 1045 commendat
1502 1017 1519 1047 ..³

315 1086 401 1112 non
427 1066 580 1130 dffrre'
609 1070 768 1128 debere,
798 1087 884 1114 non
916 1072 1045 1128 elabi,
1080 1088 1164 1116 non
1192 1076 1296 1117 male
1317 1077 1434 1133 poni.

242 1190 398 1304 ITA
431 1254 498 1303 fac
517 1291 532 1313 ‚
561 1255 622 1302 mi
649 1257 786 1303 Lucili
820 1275 831 1303 :
862 1257 1041 1305 vindica
1074 1273 1118 1305 te
1151 1258 1253 1317 tibi,
1282 1272 1325 1306 et
1348 1273 1520 1326 tempus

237 1330 357 1391 quod
382 1329 525 1376 adhuc
555 1342 628 1376 aut
657 1329 959 1388 auferebatur,
991 1343 1063 1376 aut
1086 1331 1420 1394 surripiebatur‚
1451 1351 1520 1382 aut

236 1401 488 1458 excidebat,
531 1401 687 1464 collige
719 1414 761 1447 et
795 1403 930 1449 serva.
965 1402 1171 1449 Persuade
1203 1404 1283 1450 tibi
1313 1405 1370 1452 fic
1401 1406 1520 1465 effe,

236 1488 282 1520 ut
302 1474 458 1521 scribo.
488 1475 702 1537 quaedam
721 1487 921 1538 tempora
942 1476 1185 1538 eripiuntur
1204 1477 1332 1524 nobis
1348 1514 1360 1533 ,
1383 1496 1519 1542 quae-

237 1549 333 1594 dam
379 1549 707 1606 subducuntur,
748 1552 961 1612 quaedam
1010 1550 1208 1596 effluunt.
1253 1551 1535 1615 Turpiffima'

238 1621 464 1672 tamen,est
490 1622 650 1667 iauura
668 1656 680 1678 ‚
708 1638 818 1684 quae
848 1638 926 1684 per
960 1622 1263 1684 negligentiam
1295 1624 1416 1670 venit
1438 1643 1450 1672 :
1473 1637 1517 1673 et

233 1691 263 1736 fi
282 1692 476 1739 volueris
503 1693 727 1739 attendere
744 1727 758 1750 ‚
790 1710 944 1756 magna
966 1693 1080 1740 vitae
1098 1710 1196 1755 pars
1216 1695 1398 1742 elabitur
1417 1714 1512 1742 ma-

235 1764 274 1810 le
308 1767 565 1829 agentibus,
599 1767 787 1813 maxima
829 1767 934 1812 nihil
969 1768 1224 1830 agentibus,
1262 1782 1356 1815 tota
1395 1770 1514 1818 aliud

233 1833 476 1901 agentibus.
512 1841 660 1901 Quem
692 1841 801 1886 mi'ni
829 1842 949 1887 dabis
967 1876 979 1898 ‚
1003 1840 1079 1904 qui
1115 1841 1296 1905 aliquod
1323 1844 1512 1905 pretium
1540 1872 1547 1882 x

235 1912 426 1974 'tempori
471 1912 645 1974 ponat?
684 1913 759 1975 qui
807 1913 922 1958 diem
961 1912 1199 1960 aestimet?
1245 1915 1323 1978 qui
1354 1915 1517 1963 intelli-

237 1976 304 2046 gai
333 1984 374 2030 se
398 1984 596 2046 quotidie
626 1985 774 2031 mori?
804 1988 850 2030 In
884 1986 970 2032 hoc
999 1986 1115 2033 enim
1146 1983 1361 2047 fallimur,
1394 1991 1517 2053 quod

233 2071 420 2102 mortem
441 2057 754 2119 prospicimus:
773 2076 928 2122 magna
949 2076 1048 2122 pars
1067 2060 1159 2108 eius
1177 2060 1262 2108 iam
1282 2063 1517 2124 praeteriit.

232 2129 446 2192 quidquid
473 2129 620 2176 aetatis
646 2142 765 2177 retro
785 2130 872 2185 est,
895 2147 1014 2177 mors
1035 2143 1166 2178 tenet.
1194 2135 1276 2179 Fac
1305 2149 1432 2196 ergo,
1453 2137 1516 2182 mi

232 2201 392 2254 Lucili,
421 2202 542 2262 quod
562 2201 703 2249 facere
722 2213 763 2249 te
781 2202 951 2259 scribis,
968 2219 1124 2249 omnes
1143 2204 1274 2250 horas
1294 2206 1515 2266 complec-

230 2285 319 2317 tere
348 2291 359 2319 :
393 2272 448 2320 fic
476 2272 550 2320 fiet
568 2309 582 2330 ,
608 2290 657 2320 ut
676 2273 818 2321 minus
848 2292 902 2321 ex
929 2274 1115 2322 crastino
1138 2276 1351 2337 pendeas,
1380 2278 1410 2322 fi
1430 2279 1515 2324 ho-

178 2395 181 2397 ,
231 2345 384 2392 dierno
413 2363 588 2392 manum
612 2346 823 2394 inieceris.
860 2351 980 2394 Dum
1012 2347 1209 2395 differtur
1228 2350 1344 2407 vira,
1376 2351 1512 2398 trans-

230 2418 378 2464 currit.
395 2417 559 2464 Omnia
571 2454 584 2475 ‚
603 2420 663 2463 mi
682 2421 844 2478 Lucili,
863 2421 1000 2467 aliena
1018 2421 1113 2468 sunt
1130 2433 1323 2485 :tempus
1343 2434 1514 2471 tantum

229 2487 426 2536 nostrum
455 2489 529 2536 est.
563 2493 612 2537 In
636 2491 764 2540 huius
795 2493 860 2541 rei
895 2494 1021 2542 unius
1046 2493 1210 2558 fugacis
1239 2512 1289 2544 ac
1320 2496 1512 2548 lubricae

1152 2564 1192 2604 A
1231 2576 1255 2607 a

1549 1885 1569 1916 χ.
