1797 2956
354 229 446 275 252
579 215 627 258 L.
681 213 985 259 ANNAEI
1042 212 1402 260 SENECAE

353 317 511 379 quibus
537 317 707 364 extollit
737 317 779 363 se
814 316 1106 379 miraturque,
1135 329 1357 364 contemta
1381 317 1442 364 est
1460 354 1474 377 ‚
1502 331 1545 366 et
1574 338 1628 369 ne

353 389 426 435 illa
457 390 634 452 quidem
673 389 830 451 quibus
870 389 1106 452 gloriatur,
1135 391 1316 436 libenter
1345 389 1460 437 facit.
1485 393 1528 437 Si
1550 410 1629 441 ve-

353 478 407 508 ro
441 463 621 525 aliquod
652 461 832 509 timetur
866 461 1028 507 malum
1047 497 1060 519 ,
1091 479 1147 508 eo
1178 463 1382 525 perinde,
1416 464 1520 509 dum
1549 481 1627 510 ex-

351 534 590 596 speRatur‚
614 533 730 597 quasi
757 533 940 582 venisset
959 546 1134 596 urgetur
1152 552 1163 580 ε
1188 548 1230 581 et
1248 536 1461 598 quidquid
1482 553 1534 582 ne
1555 553 1629 598 pa-

350 606 480 652 tiatur
504 605 658 662 timet,
688 604 773 650 iam
804 617 925 650 metu
953 606 1128 666 patitur.
1156 607 1546 664 Quemadmodum
1584 607 1630 652 in

352 678 618 739 corporibus
639 677 770 723 futuri
790 677 1011 739 languoris
1031 677 1144 739 signa
1164 693 1445 739 praecurrunt
1465 696 1476 725 ε
1494 695 1632 741 quae-

355 750 456 794 dam
488 749 605 794 euim
639 749 816 811 segnitia
849 749 993 795 nervis
1022 749 1154 807 inest,
1182 762 1224 796 et
1249 749 1335 795 fine
1366 751 1513 796 labore
1539 752 1632 796 ullo

349 821 550 867 laffitudo
579 834 623 868 et
652 821 852 868 oscitatio
872 836 915 868 et
936 822 1096 868 horror
1125 823 1318 868 membra
1343 839 1629 885 percurrens:

350 896 407 942 fic
442 895 640 942 infirmus
671 897 870 954 animus,
900 897 1038 942 multo
1070 908 1168 942 ante
1200 912 1331 959 quam
1357 895 1631 957 opprimatur

351 971 499 1025 malis,
528 971 732 1032 quatitur.
764 968 998 1032 praesumit
1030 970 1124 1025 illa,
1153 984 1196 1016 et
1225 985 1323 1016 ante
1355 982 1528 1030 tempus
1558 987 1631 1016 ca·

352 1043 425 1088 dit.
463 1043 587 1102 Quid
611 1043 857 1090 dementius
879 1055 1046 1100 autem,
1066 1060 1198 1105 quam
1219 1042 1318 1105 angi
1345 1041 1498 1088 futuris
1517 1078 1530 1097 ,
1551 1059 1631 1089 nec

352 1113 395 1159 se
416 1126 642 1161 tormento
661 1115 910 1172 reservare,
942 1115 1013 1161 sed
1031 1115 1236 1160 arcess'ere
1254 1114 1330 1160 fibi
1353 1114 1566 1174 miserias,
1588 1126 1632 1162 et

355 1188 597 1234 admovere
629 1206 639 1233 t
668 1203 775 1249 quas
807 1189 1023 1248 optimum
1058 1187 1119 1233 est
1147 1186 1394 1243 differre,fi
1420 1186 1631 1234 discutere

352 1275 443 1304 non
474 1257 641 1320 postis?
675 1258 753 1303 Vis
780 1258 913 1313 scire,
943 1257 1091 1303 futuro
1112 1259 1332 1319 neminem
1357 1258 1514 1303 debere
1537 1270 1632 1304 tor-

349 1330 475 1392 queri
495 1330 513 1375 ?
534 1330 787 1392 quicunque
803 1328 985 1373 audierit
1012 1328 1110 1391 post
1130 1329 1537 1392 quinquagesimum
1557 1345 1632 1374 an-

350 1420 458 1449 num
492 1402 567 1448 fibi
596 1403 799 1465 patienda
828 1401 1061 1463 supplicia,
1095 1418 1187 1448 non
1218 1400 1522 1463 perturbatur,
1552 1401 1629 1447 nifi

349 1475 382 1521 fi
407 1475 600 1520 medium
636 1475 819 1537 spatium
848 1473 1194 1531 tranfilierit‚,et
1218 1473 1260 1521 se
1284 1474 1330 1520 in
1360 1474 1476 1519 illam
1508 1472 1631 1519 secu-

349 1548 397 1594 lo
431 1546 530 1610 post
571 1547 763 1593 futuram
809 1545 1133 1594 solicitudinem
1166 1545 1407 1594 immiserit.
1459 1546 1630 1598 Eodem

349 1622 491 1668 modo
522 1620 602 1676 fit,
632 1633 679 1667 ut
715 1621 886 1667 animos
919 1621 1103 1668 libenter
1131 1638 1313 1684 aegros,
1343 1634 1386 1668 et
1415 1633 1631 1684 captantes

349 1693 494 1740 causas
524 1693 722 1749 doloris,
759 1708 908 1740 vetera
933 1710 1064 1757 atque
1099 1695 1325 1742 obliterata
1359 1697 1629 1744 contristent.

350 1776 394 1811 et
410 1781 522 1826 quae
554 1765 892 1825 praeterierunt,
923 1780 967 1812 et
987 1782 1097 1828 quae
1127 1764 1273 1813 fututa
1299 1765 1393 1813 sunt
1411 1802 1426 1824 ‚
1447 1767 1624 1817 absunt:

349 1850 503 1884 neutra
536 1836 757 1886 sentimus.
794 1856 885 1886 non
915 1838 976 1886 est
1007 1855 1178 1903 autem,
1222 1838 1300 1887 nisi
1335 1857 1390 1887 ex
1418 1857 1474 1888 eo
1499 1842 1625 1905 quod

349 1910 529 1966 fiendas,
561 1911 709 1959 dolor.
