1797 2956
292 182 389 238 408
555 184 602 228 L.
652 182 951 227 ANNAE1
997 181 1352 242 SENECAE

294 285 458 333 servire
476 286 597 332 iubet
613 322 625 344 ‚
647 287 834 332 Athenas
859 298 1013 332 tacere.
1047 287 1153 332 Non
1174 298 1405 336 contentus
1422 299 1490 334 tot
1512 281 1587 335 ci·-

293 358 482 404 vitatum
507 358 642 420 strage
661 394 673 413 ,
693 374 799 420 quas
819 372 891 404 aut
913 358 1080 405 vicerat
1099 358 1321 421 Philippus
1337 397 1350 417 ‚
1369 374 1443 407 aut
1461 378 1579 408 eme-

293 445 391 486 rat,
425 443 468 476 et
502 431 603 476 alias
634 430 720 476 alio
759 430 862 477 loco
886 429 1094 493 proiicit,
1123 443 1167 476 et
1193 443 1289 477 toto
1322 433 1431 479 orbe
1462 450 1580 481 arma

295 503 578 552 circumfert:
598 520 677 549 nec
698 503 878 550 substitit
897 503 1076 566 usquam
1101 503 1200 549 laffa
1220 506 1473 560 crudelitas3
1492 508 1577 552 im·
1637 535 1642 542 ·

297 576 492 623 manium
523 574 709 621 ferarum
737 576 906 633 modo,
939 592 1048 639 quae
1077 576 1174 638 plus
1196 593 1325 639 quam
1352 578 1485 641 exigit
1510 578 1578 624 fa-

295 667 414 704 mes,
457 649 676 694 mordent.
709 650 797 694 lam
827 648 871 693 in
900 666 1036 694 unum
1071 665 1254 711 regnum
1283 651 1416 697 multa
1446 668 1579 714 regna

293 719 514 773 coniecit3
538 720 620 764 inm
644 719 803 766 Graeci
825 720 1059 782 Persaeque
1081 721 1268 766 eundem
1291 720 1470 778 timent3
1492 723 1578 769 iam

294 792 425 837 etiam
443 808 466 836 a
490 793 633 839 Dario
653 793 817 838 liberae
829 791 1026 838 nationes
1049 791 1200 856 iugum
1226 794 1474 856 accipiunt;
1505 795 1577 842 hie

296 878 443 909 tamen
466 865 574 910 ultra
595 867 825 911 Oceanum
858 865 1106 928 solemque,
1135 866 1384 929 indignatur
1400 869 1454 914 ab
1469 871 1582 916 Her-

293 940 404 986 culis
426 940 663 1005 Liberique
693 941 886 1004 vestigiis
917 941 1149 988 vietoriam
1173 942 1346 990 fleEtere
1361 980 1376 1001 ,
1405 945 1482 1007 ipsi
1502 962 1581 991 na-

295 1024 416 1060 turae
445 1014 536 1061 vim
569 1028 704 1077 parat.
736 1017 844 1062 Non
872 1014 940 1063 ille
972 1015 1034 1061 ire
1064 1016 1188 1074 vult,
1220 1016 1292 1063 sed
1319 1034 1410 1063 non
1441 1018 1583 1080 potest

298 1085 436 1133 stare:
459 1105 549 1134 non
579 1089 727 1146 aliter,
763 1106 894 1150 quam
924 1088 968 1133 in
999 1105 1209 1151 praeceps
1231 1090 1392 1136 deiecta
1411 1092 1582 1152 ponde-

294 1177 341 1206 ra
361 1196 374 1218 ‚
399 1161 560 1224 quibus
582 1162 716 1209 eundi
740 1162 837 1209 finis
868 1162 929 1209 est
946 1197 960 1218 ,
983 1163 1165 1209 iacuisse.
1197 1164 1266 1209 Ne
1294 1164 1380 1210 Cn.
1403 1164 1582 1225 quidem

296 1225 518 1296 Pompeio
536 1247 715 1280 externa
735 1235 844 1280 bella
864 1247 935 1280 aut
953 1235 1189 1282 domestica
1217 1236 1356 1282 virtus
1380 1251 1453 1282 aut
1471 1235 1586 1282 ratio

296 1304 529 1352 suadebat:
553 1307 624 1353 sed
645 1307 813 1353 insanus
830 1324 956 1353 amor
976 1307 1287 1371 magnitudinis
1305 1307 1430 1354 falsae
1444 1343 1458 1366 ,
1478 1324 1582 1354 mo-

297 1378 360 1424 do
378 1377 422 1423 in
446 1378 699 1442 Hispaniam
722 1391 764 1425 et
789 1379 1036 1426 Sertoriana
1056 1396 1175 1426 arma
1190 1415 1203 1437 ,
1240 1380 1380 1426 modo
1407 1380 1461 1426 ad
1491 1380 1584 1427 col-

295 1449 498 1513 figendos
532 1452 717 1514 piratas,
759 1469 810 1499 ac
841 1453 978 1499 maria
1019 1453 1213 1515 pacanda
1249 1453 1451 1500 vadebat.
1487 1453 1587 1500 Hae<

295 1525 663 1587 praetexebantur
681 1527 831 1574 causae
846 1562 859 1584 ,
885 1528 940 1572 ad
962 1526 1299 1573 continuandam
1327 1526 1585 1588 potentiam.

296 1597 418 1657 Quid
432 1598 554 1645 illum
573 1600 616 1645 in
634 1599 856 1657 Africam,
877 1600 986 1664 quid
1001 1600 1046 1646 in
1064 1601 1454 1662 Septemtrionem·‚
1473 1600 1582 1664 quicl‘

297 1670 345 1716 in
374 1671 674 1720 Mithridatem
690 1709 704 1731 ‚
731 1688 774 1719 et
802 1673 1058 1721 Armeniam
1075 1709 1091 1730 ,
1110 1687 1154 1720 et
1180 1689 1336 1719 omnes
1356 1673 1478 1721 Afiae
1505 1690 1582 1720 an-

295 1745 425 1806 gulos
455 1746 614 1793 traxit?
634 1745 805 1792 infinita
830 1746 989 1793 scilicet
1009 1747 1172 1808 cupido
1200 1747 1444 1794 crescendi:
1479 1765 1581 1795 cum

296 1816 375 1863 fibi
402 1816 479 1863 uni
507 1833 659 1878 parum
693 1833 875 1880 magnus
904 1818 1144 1864 videretur.
1183 1818 1307 1877 Quid
1335 1818 1391 1863 C.
1418 1818 1581 1874 Caesa-

294 1905 389 1937 rem
413 1890 459 1936 in
492 1890 567 1936 sua-
596 1889 708 1946 fata,
736 1890 897 1952 pariter
920 1907 969 1937 ac
999 1890 1173 1953 publica
1189 1927 1206 1947 ‚
1232 1890 1447 1938 immisit?
1483 1891 1583 1956 glo-

297 1965 359 2010 ria
379 1976 421 2010 et
444 1962 626 2009 ambitio
639 1999 651 2018 ,
668 1976 711 2008 et
738 1963 881 2009 nullus
898 1963 1023 2026 supra
1043 1975 1213 2010 ceteros
1237 1963 1459 2010 eminendi
1480 1981 1583 2011 mo-

297 2039 392 2083 dus.
419 2039 571 2085 Unum
598 2051 698 2084 ante
730 2038 772 2083 se
798 2037 913 2085 ferre
947 2055 1039 2084 non
1070 2038 1240 2101 potuit,
1271 2055 1372 2084 cum
1400 2038 1582 2102 respub-

295 2111 378 2159 lica
403 2111 528 2174 supra
554 2111 596 2158 se
626 2112 739 2158 duos
763 2110 913 2158 ferret.
944 2110 1098 2172 Quid,
1126 2124 1173 2157 tu
1203 2112 1256 2158 C,
1293 2110 1483 2158 Marium
1514 2111 1583 2160 se·-

297 2184 388 2231 mel
415 2182 641 2230 consulem
671 2182 831 2248 (unum
861 2183 979 2230 enim
1000 2184 1271 2231 consulatum
1293 2184 1489 2246 accepi-t,
1516 2200 1584 2231 ce·

296 2269 417 2304 teros
441 2255 610 2320 rapuit)
635 2274 738 2304 cum
768 2257 1074 2304 Theutonicos
1099 2257 1395 2320 Cimbrosque
1425 2255 1580 2304 conei-

297 2330 448 2388 deret-,
478 2348 578 2378 cum
611 2332 861 2394 Iugurtham
888 2348 967 2394 per
996 2330 1169 2378 Africae
1190 2330 1353 2377 deserta
1379 2331 1587 2393 sequere--

297 2415 389 2460 tur,
417 2416 485 2450 tot
511 2404 700 2466 pericula
724 2416 846 2467 putas
876 2404 1083 2467 appetisse
1100 2441 1112 2460 ,
1137 2404 1315 2450 virtutis
1344 2403 1543 2450 instinetu
1559 2403 1582 2450 ἓ

298 2477 466 2524 Marius
508 2477 749 2527 exercitum
773 2513 789 2536 ,
827 2477 1019 2526 Marium
1051 2476 1236 2525 ducebat
1270 2475 1469 2527 ambiti02
1505 2473 1579 2525 Isti
