1807 3004
583 183 1161 246 EPISTOLAE.
1423 200 1506 263 165

514 344 989 390 EPISTOLA
1074 345 1243 390 LVII.

234 491 308 536 De
333 490 494 550 *Crypta
523 490 830 549 Neapolitana,
866 485 908 533 δ’
937 488 996 532 ibi
1031 488 1199 532 horrore.
1234 479 1320 531 tiam
1353 487 1516 546 primos

297 584 434 614 motus
461 571 508 613 in
530 569 720 633 potestate
744 586 831 614 non
855 565 938 632 effi.
963 569 1146 628 Aliquid
1167 569 1213 612 de
1230 568 1365 612 animi
1380 568 1517 613 tenui·-

299 664 382 693 tate
410 646 453 695 δ’
477 651 687 696 celeritate.

236 754 345 872 C
370 834 459 866 UM
490 820 603 867 Baiis
627 819 833 867 deberem
862 818 1094 882 Neapolim
1125 832 1355 881 repetere,
1390 819 1519 868 facile

231 895 399 941 credidi
427 893 724 956 tempestatem
746 893 860 950 effe,
889 909 944 939 ne
974 894 1131 939 iterum
1160 908 1317 938 navem
1348 894 1520 955 experi-

230 982 315 1012 rer.
338 967 409 1014 sed
440 980 608 1013 tantum
636 966 712 1011 luti
739 980 833 1012 tota
866 965 936 1012 via
968 964 1074 1022 fuit,
1106 975 1153 1010 ut
1182 963 1348 1027 possem
1375 966 1519 1015 videri

196 1064 201 1069 -
232 1038 523 1085 nihilominus
540 1037 773 1101 navigasse.
792 1040 959 1083 Totum
979 1038 1234 1084 athletarum
1254 1038 1389 1085 fatum
1411 1040 1520 1088 mihi

232 1111 313 1157 illo
359 1112 429 1158 die
466 1111 797 1174 perpetiendum
832 1109 930 1157 fuit.
977 1125 1226 1157 aceromate
1262 1129 1344 1159 nos
1376 1113 1519 1175 haphe

229 1183 435 1245 excepit,
466 1185 509 1228 in
546 1183 718 1245 Crypta
748 1182 1051 1244 Neapolitana.
1082 1183 1204 1229 Nihil
1237 1183 1315 1230 illo
1345 1201 1520 1233 carcere

227 1254 430 1317 longius,
465 1254 572 1300 nihil
610 1255 690 1300 illis
715 1253 928 1300 -faucibus
960 1254 1218 1311 obscurius;
1246 1273 1359 1319 quae
1392 1258 1523 1306 nobis
1555 1271 1563 1286 Ξ

227 1325 469 1387 praestant,
487 1342 578 1372 non
598 1340 646 1372 ut
673 1342 750 1387 per
769 1327 967 1372 tenebras
989 1326 1243 1386 videamus,
1274 1329 1347 1376 sed
1376 1342 1423 1376 ut
1450 1330 1519 1393 ip-

229 1398 305 1446 sas.
338 1400 549 1446 Ceterum
573 1398 702 1444 etiam
730 1397 760 1444 fi
793 1399 917 1446 locus
949 1399 1128 1447 haberet
1161 1401 1333 1461 lucem,
1370 1403 1519 1466 pulvis

230 1474 420 1522 auferret
442 1508 456 1530 ,
485 1474 531 1519 in
565 1486 719 1535 aperto
751 1489 931 1536 quoque
960 1489 1028 1520 res
1060 1474 1205 1536 gravis
1234 1487 1279 1521 et
1308 1475 1518 1525 molesta:

228 1547 335 1611 quid
352 1546 440 1592 illic
454 1581 467 1604 ,
496 1546 570 1593 ubi
592 1547 636 1591 in
663 1546 704 1592 se
736 1546 960 1593 volutatur
976 1577 990 1601 ‚
1024 1559 1066 1592 et
1087 1563 1185 1593 cum
1207 1547 1295 1594 fine
1316 1548 1407 1594 ullo
1426 1549 1515 1611 spi-

228 1633 432 1666 ramento
461 1618 510 1665 fit
531 1617 744 1673 inclusus,
774 1617 819 1662 in
846 1617 963 1679 ipsos
988 1635 1012 1664 a
1037 1619 1193 1681 quibus
1217 1620 1427 1667 excitatus
1455 1621 1519 1668 est

228 1692 421 1740 recidit?
459 1693 567 1739 Duo
600 1691 886 1737 incommoda
920 1691 1032 1738 inter
1065 1691 1105 1738 se
1139 1692 1357 1739 contraria
1391 1693 1517 1742 fimul

228 1754 514 1828 pertulimus,
548 1765 702 1810 eadem
730 1764 834 1820 via,
858 1765 1017 1810 eodem
1037 1765 1134 1822 die,
1163 1780 1206 1811 et
1234 1766 1329 1812 luto
1348 1779 1391 1813 et
1419 1769 1519 1828 pul·-

227 1852 336 1883 vere
359 1836 672 1884 laboravimus.
704 1835 883 1898 Aliquid
909 1848 1054 1882 tamen
1084 1835 1191 1881 mibi
1223 1836 1294 1883 illa
1320 1839 1516 1885 obscuri-

228 1918 322 1963 tas,
352 1908 477 1970 quod
506 1907 747 1971 cogitarem
767 1940 782 1963 ,
812 1908 947 1954 dedit.
989 1907 1096 1954 senfi
1131 1908 1349 1970 quendam
1381 1909 1516 1958 {filum

227 1979 392 2035 animi,
415 1992 457 2026 et
476 1981 562 2026 sine
582 1991 704 2026 metu
727 1980 1015 2027 mutationem
1029 2015 1043 2038 ‚
1064 1997 1197 2043 quam
1227 1980 1424 2030 insolitae
1450 1985 1515 2032 rei

229 2051 408 2097 novitas
431 2051 551 2097 fimul
580 2068 630 2098 ac
651 2051 838 2099 foeditas
868 2052 1046 2099 fecerat.
1077 2053 1184 2100 Non
1216 2054 1270 2100 de
1301 2072 1370 2102 me
1396 2044 1516 2105 nune

227 2134 374 2168 tecum
394 2124 581 2186 loquor,
607 2125 684 2188 qui
705 2125 890 2172 multum
909 2126 964 2171 ab
981 2127 1161 2172 homine
1181 2126 1422 2183 tolerabili,
1441 2144 1517 2174 ne-

229 2195 335 2241 dum
356 2211 379 2240 a
405 2195 600 2257 perfeeto
623 2196 770 2243 absum
788 2232 802 2252 ,
831 2196 903 2244 sed
924 2197 977 2244 de
1008 2198 1087 2243 illo
1116 2198 1160 2244 in
1182 2214 1311 2261 quem
1330 2198 1396 2245 ius
1416 2198 1517 2246 for-

229 2280 334 2314 tuna
361 2268 580 2330 perdidit:
601 2268 727 2316 huius
756 2286 937 2333 quoque
961 2269 1143 2318 ferietur
1162 2271 1357 2330 animus,
1375 2286 1516 2319 muta-

228 2340 346 2386 bitur
365 2340 502 2387 color.
520 2342 748 2401 Quaedam
775 2341 893 2388 enim
909 2377 922 2397 ‚
955 2342 1017 2389 mi
1043 2343 1212 2401 Lucili,
1237 2345 1351 2390 nulla
1378 2346 1525 2394 virtus?

227 2412 418 2476 effugere
451 2413 591 2476 potest
618 2432 630 2460 ε
657 2415 866 2461 admonet
900 2415 1018 2462 illam
1055 2428 1209 2463 natura
1241 2419 1518 2470 mortalitatis

227 2484 341 2533 suae.
365 2488 515 2550 Itaque
543 2497 586 2535 et
610 2488 782 2539 vultum
812 2488 998 2539 adducet
1027 2490 1081 2538 acl
1105 2490 1339 2551 tristitiam,
1372 2508 1416 2543 et
1444 2495 1515 2543 in-
