1807 3004
381 206 470 254 τῃ
619 191 668 241 L.
711 191 1016 236 ANNAEI
1064 191 1433 239 SENECAE

373 296 679 343 circumdedit.
700 295 769 341 Est
790 295 859 341 ille
884 296 979 357 plus
997 313 1131 359 quam
1155 297 1296 361 capit,
1314 310 1358 345 et
1376 297 1542 362 ingenti
1562 301 1656 348 avi-

370 370 507 416 ditate
536 384 688 415 onerat
718 368 948 415 distentum
986 385 1183 416 ventrem
1203 406 1216 429 ,
1238 387 1287 418 ac
1313 371 1531 418 desuetum
1566 373 1653 419 iam

375 442 542 490 ventris
560 440 736 497 officio,
752 455 797 488 ut
817 442 985 488 maiore
1005 458 1140 504 opera
1160 445 1308 491 omnia
1329 460 1502 507 egerat,
1522 463 1654 509 quam

370 514 573 577 ingeffit:
606 527 648 559 at
683 513 932 561 infelicibus
966 513 1102 561 servis
1128 532 1312 563 movere
1348 517 1491 575 labra,
1517 535 1571 565 ne
1608 518 1653 565 in

371 589 463 635 hoc
498 587 674 650 quidem
703 622 717 646 ,
756 603 804 633 ut
837 588 1078 650 loquantur
1100 621 1116 645 ,
1151 590 1265 637 licet„
1298 590 1419 654 virga
1454 607 1654 639 murmur

368 678 508 708 omne
548 659 843 722 compescitur
877 676 890 706 z
918 672 961 707 et
993 677 1048 706 ne
1077 661 1254 708 fortuita
1283 662 1464 724 quidem
1494 664 1656 710 verbe-

370 734 491 782 ribus
509 745 693 797 excepta
726 732 848 789 sunt,
876 733 1024 790 tuffis,
1057 733 1468 792 sternutamentum,
1492 734 1655 797 singul-0

370 821 464 856 tus:
496 823 659 871 magno
694 806 810 852 malo
837 805 921 852 ulla
949 821 1065 854 voce
1091 806 1410 869 interpellatum
1439 806 1653 855 silentium

367 882 537 929 luitur:
564 882 692 928 nocte
715 892 810 927 tota
839 879 1001 938 ieiuni,
1029 881 1228 944 mutique
1253 880 1454 944 perstant.
1482 883 1552 930 Sic
1573 881 1654 941 fit,

369 967 418 1003 nt
441 955 510 1003 isti
535 955 589 1002 de
614 953 801 1001 domino
829 953 1090 1016 loquantur,
1108 953 1266 1017 quibus
1290 969 1441 1000 coram
1465 955 1654 1003 domino

369 1030 497 1093 loqui
516 1047 607 1076 non
630 1029 745 1076 licet.
765 1029 821 1073 At
841 1026 902 1073 illi
920 1027 1079 1090 quibus
1097 1043 1190 1074 non
1209 1039 1379 1074 tantum
1402 1044 1551 1075 coram
1572 1029 1654 1076 do-

368 1101 530 1158 minis,
564 1100 635 1146 sed
666 1116 768 1146 cum
796 1098 895 1160 ipsis
924 1111 1016 1147 erat
1049 1098 1221 1157 sermo,
1257 1114 1450 1161 quorum
1480 1115 1532 1146 os
1560 1116 1652 1147 non

367 1173 686 1228 consuebatur,
704 1170 840 1233 parati
857 1181 978 1217 erant
1002 1187 1086 1233 pro
1105 1171 1291 1217 domino
1311 1172 1538 1236 porrigere
1558 1189 1652 1220 cer-

372 1247 545 1303 vicem,
573 1245 815 1307 periculum
843 1241 1076 1289 imminens
1101 1243 1148 1289 in
1179 1257 1308 1305 caput
1330 1243 1452 1291 suum
1479 1258 1653 1293 averte*

372 1337 434 1367 re.
463 1321 511 1365 {n
535 1315 761 1364 conviviis
789 1313 1107 1378 loquebantur,
1132 1314 1205 1361 sed
1227 1313 1274 1360 in
1291 1316 1520 1363 tormentis
1538 1328 1653 1363 tace‘

372 1394 491 1440 bant.
535 1389 711 1438 Deinde
737 1388 930 1435 eiusdem
955 1387 1229 1451 arrogantiae
1252 1387 1542 1450 proverbium
1561 1389 1654 1437 iac-

371 1478 488 1512 tatur
519 1481 530 1510 :
563 1462 775 1509 Totidem
802 1460 887 1507 effe
915 1459 1086 1518 hostes,
1111 1475 1221 1524 quot
1246 1460 1409 1508 servos.
1442 1461 1548 1507 Non
1576 1462 1654 1508 ha-

370 1539 528 1585 bemur
552 1534 650 1580 illos
678 1532 821 1580 hostes
837 1568 852 1590 ‚
878 1533 952 1581 sed
984 1533 1182 1580 facimus.
1217 1533 1314 1579 Alia
1341 1532 1515 1580 interim
1549 1551 1651 1581 cru-

372 1610 487 1657 delia
510 1623 553 1656 et
572 1607 808 1653 inhumana
830 1617 1060 1668 praetereo
1074 1641 1088 1663 ‚
1106 1606 1231 1668 quod
1249 1621 1328 1652 nec
1349 1617 1551 1668 tanquam
1571 1607 1653 1654 ho-

370 1682 565 1731 minibus
596 1678 803 1742 quidem,
833 1677 907 1724 sed
934 1692 1138 1740 tanquam
1169 1676 1373 1724 iumentis
1401 1677 1618 1724 abutimur
1638 1697 1651 1724 ε·

373 1754 499 1819 <quod
535 1768 637 1798 cum
669 1751 723 1797 ad
748 1749 1026 1797 coenandum
1054 1749 1375 1806 discubuimus,
1399 1749 1505 1797 alius
1531 1751 1652 1813 sputa

374 1828 591 1889 detergit,
618 1825 722 1872 alius
747 1823 948 1886 reliquias
972 1824 1310 1870 temulentorum
1336 1822 1528 1869 subditus
1552 1824 1651 1871 col·-

370 1900 491 1964 tigit,
516 1897 622 1944 alius
645 1896 853 1960 pretiosas
883 1912 985 1942 aves
1012 1895 1194 1944 scindit:
1221 1896 1372 1957 ρεξὶυε
1399 1909 1443 1943 et
1474 1896 1653 1953 clunes,

373 1970 504 2021 certis
545 1969 741 2017 duffibus
771 1966 1080 2015 circumferens
1111 1968 1328 2015 eruditam
1365 1983 1571 2024 manum,
1606 1968 1653 2015 in

372 2043 506 2092 frusta
521 2040 702 2089 excutit.
732 2038 888 2086 Infelix
901 2039 983 2102 -qui
997 2040 1099 2087 huic
1115 2039 1192 2086 uni
1208 2038 1271 2086 rei
1290 2038 1432 2097 vivit,
1457 2053 1505 2086 ut
1518 2039 1653 2088 altilia

369 2118 580 2166 decenter
607 2115 735 2162 secet.
762 2113 840 2159 nili
863 2114 988 2176 quod
1013 2112 1212 2160 miserior
1236 2112 1323 2170 est,
1348 2112 1424 2175 qui
1450 2112 1537 2161 hoc
1566 2130 1653 2161 vo·

373 2190 550 2253 luptatis
576 2190 700 2237 causa
723 2189 877 2245 dooet,
899 2203 1030 2250 quam
1056 2186 1133 2250 qui
1153 2186 1408 2234 necessitatis
1431 2186 1565 2234 discit.
1592 2190 1650 2233 A·

368 2265 453 2311 lius
486 2261 583 2311 vini
617 2260 809 2308 minister
851 2260 898 2306 in
933 2260 1190 2307 muliebrem
1221 2260 1408 2307 modum
1443 2274 1649 2317 ornatus,

368 2351 473 2383 cum
493 2345 637 2381 ,aetate
659 2334 860 2380 luctatur.
884 2332 990 2379 Non
1013 2331 1160 2395 potest
1187 2332 1378 2397 effugere
1396 2331 1650 2395 pueritiam,

327 2412 329 2415 ’
366 2408 444 2456 sed
468 2407 714 2455 retrahitur.
732 2408 906 2470 iamque
920 2406 1092 2454 militari
1112 2406 1261 2454 habitu
1277 2406 1450 2470 glaber,
1470 2405 1650 2453 destric-

367 2481 425 2532 tis
449 2481 573 2545 pilis,
601 2493 676 2532 aut
702 2482 876 2545 penitus
900 2479 1090 2542 avu1fi3‚
1115 2491 1207 2530 tota
1228 2481 1359 2529 noste
1389 2478 1649 2543 pervigilat:
