1807 3004
259 197 289 243 6
518 198 568 245 L.
610 196 900 242 ANNAEI
944 195 1283 241 SENECAE

257 301 392 349 castra
409 303 602 349 transire.
629 319 718 349 non
741 315 950 365 tanquam
981 300 1200 364 transfuga
1215 335 1228 357 ‚
1249 300 1320 347 sed
1337 311 1541 364 tanquam

257 376 528 438 explorator.
546 374 760 429 Honesta,
795 374 963 437 inquit,
988 390 1054 420 res
1072 373 1154 430 est,
1176 374 1282 420 laeta
1302 388 1542 436 paupertas.

257 446 332 492 Ina
363 463 475 494 vero
503 463 593 493 non
621 446 683 493 est
713 457 968 508 paupertas,
996 445 1026 491 fi
1062 446 1172 493 laeta
1202 446 1274 493 est.
1306 446 1393 492 Cui
1422 446 1539 494 enim

259 537 358 566 cum
391 532 644 584 paupertate
676 521 784 566 bene
816 518 1051 577 convenit,
1080 520 1205 568 dives
1231 519 1304 566 est.
1334 520 1438 566 Non
1465 520 1542 582 qui

259 610 414 655 parum
442 595 597 649 habet,
626 591 696 638 sed
717 592 792 652 qui
822 593 918 653 plus
948 591 1090 654 cupit,
1123 608 1288 654 pauper
1317 590 1390 638 est.
1418 592 1542 651 Quid

258 668 375 711 enim
403 665 559 721 refert,
586 678 799 728 quantum
830 664 891 710 illi
911 664 954 709 in
977 680 1099 720 arca,
1128 676 1338 727 quantum
1361 664 1407 710 in
1432 664 1540 710 hor-

256 741 340 785 reis
361 739 523 794 iaceat,
551 751 765 799 quantuni
788 738 926 798 pascat
943 772 956 794 ,
983 752 1054 782 aut
1076 737 1303 794 foeneret,
1339 735 1367 781 fi
1397 736 1541 784 alieno

255 811 454 857 imminet
468 847 481 867 ,
506 811 535 856 (ι
554 827 645 858 non
664 810 869 873 acquisita
885 846 898 866 ‚
915 809 987 857 sed
1007 810 1270 872 acquirenda
1289 809 1540 870 computat?

197 918 225 946 a.
258 884 374 944 Quis
398 882 448 929 fit
467 883 717 930 divitiarum
747 883 931 937 modus,
951 880 1152 945 quaeris?
1176 882 1368 939 Primus,
1386 881 1543 929 habere

193 948 197 953 ¹
257 956 381 1019 quod
407 955 574 1004 necess‘e
602 956 661 1003 est
679 988 694 1012 ‚
716 955 944 1018 proximus
961 990 975 1013 ‚
1006 955 1127 1018 quod
1149 954 1206 1001 sat
1225 954 1299 1003 est.

570 1104 1047 1150 EptsTOLA
1125 1102 1234 1149 111.

260 1255 377 1298 Male
407 1250 450 1298 ὃ*
478 1268 616 1297 temere
626 1253 748 1313 ,ᾖτε-,ηε
766 1253 943 1298 Amicos
967 1253 1072 1306 dici,
1102 1253 1173 1313 qui
1193 1270 1230 1298 re
1250 1270 1335 1297 non
1354 1252 1466 1310 siml,
1495 1253 1542 1297 Si

324 1327 415 1385 quis
433 1326 533 1369 talis
543 1344 562 1379 ,·
583 1327 730 1369 omnia
751 1326 1039 1383 illifidendutn
1060 1357 1073 1379 ‚
1092 1323 1135 1371 ὃ*
1153 1326 1541 1370 communicandum

324 1395 417 1461 asse,
453 1413 652 1458 tanquam
677 1400 819 1444 alteris
849 1400 982 1444 nobis.
1012 1400 1169 1444 Timidi
1197 1396 1238 1444 δ’
1253 1399 1445 1458 sicbduft'i
1469 1416 1541 1442 αι’·-

320 1486 536 1531 ἕιιιιηιιινς
555 1471 635 1530 fid
653 1469 694 1517 δ’
720 1473 870 1517 creduli
890 1473 1022 1518 nimis
1043 1488 1162 1533 atque
1189 1474 1331 1531 aperti.
1355 1474 1542 1517 Medium.

326 1544 544 1604 optimum.

262 1674 358 1789 E
377 1741 669 1788 PISTOLAS
713 1741 766 1786 ad
803 1757 873 1787 me
904 1739 1187 1803 perferendas
1215 1739 1424 1787 tradidisti
1444 1776 1456 1794 ,
1496 1753 1544 1786 ut

260 1810 411 1858 scribis
427 1848 440 1870 ‚
472 1813 617 1859 amico
642 1825 734 1859 tuo.
761 1812 938 1859 Deinde
957 1813 1167 1859 admones
1191 1829 1259 1860 me
1278 1848 1290 1870 ‚
1319 1830 1374 1860 ne
1395 1812 1545 1858 omnia

262 1901 364 1932 cum
383 1902 438 1932 eo
458 1887 512 1932 ad
528 1898 569 1932 te
589 1885 850 1949 pertinentia
872 1886 1194 1933 communicem
1212 1922 1225 1943 ,
1253 1885 1355 1949 quia
1374 1902 1455 1931 nec
1477 1885 1544 1930 so-

262 1957 348 2004 leas
368 1956 456 2020 ipse
478 1958 656 2022 quidem
678 1957 764 2003 hoc
784 1958 938 2005 facere.
970 1960 1031 2004 Ita
1050 1958 1200 2006 eadem
1228 1957 1406 2020 epistola
1425 1958 1543 2003 illum

262 2043 304 2076 et
333 2030 476 2078 dixisti
508 2033 729 2087 amicum,
754 2048 796 2079 et
825 2031 998 2096 negasti.
1026 2035 1173 2096 ltaque
1203 2032 1261 2079 fic
1288 2033 1435 2095 priore
1465 2032 1543 2077 illo

260 2103 402 2153 verbo
421 2105 539 2168 quafi
565 2105 742 2168 publico
762 2103 859 2151 usus
880 2121 926 2152 es
943 2141 956 2164 ,
976 2117 1020 2152 et
1036 2104 1094 2152 fic
1112 2105 1232 2152 illum
1251 2106 1436 2153 amicum
1457 2122 1542 2152 vo·

262 2177 393 2233 casti,
423 2179 656 2242 quomodo
680 2194 837 2225 omnes
863 2179 1121 2226 candidatos
1136 2215 1149 2237 ‚
1171 2179 1314 2225 bonos
1332 2179 1454 2225 viros
1476 2179 1545 2226 di-

264 2251 433 2307 cimus;
465 2253 698 2316 quomodo
727 2252 911 2310 obvios,
938 2252 967 2297 si
996 2268 1160 2298 nomen
1191 2269 1282 2298 non
1305 2251 1513 2318 succurrit
1532 2286 1545 2308 ‚

204 2355 230 2386 s
267 2322 476 2369 dominos
496 2323 738 2372 salutamus.
758 2324 860 2370 Hoc
878 2324 1042 2371 abierit.
1070 2326 1151 2371 Sed
1177 2324 1206 2370 fi
1230 2324 1417 2387 aliquem
1438 2323 1545 2369 ami-

272 2411 375 2441 cum
403 2394 643 2451 existimas,
667 2397 742 2443 cui
762 2412 853 2441 non
881 2397 1136 2443 tantundem
1162 2396 1300 2443 credis
1333 2411 1545 2458 quantum

273 2466 353 2514 tibi
368 2499 383 2524 ,
405 2468 687 2517 vehementer
703 2485 818 2517 erras
832 2504 845 2528 ‚
875 2481 918 2517 et
938 2485 1029 2516 non
1047 2469 1144 2517 satis
1162 2468 1274 2516 nosti
1299 2468 1391 2518 vim
1413 2485 1546 2517 verae
