1807 3004
558 195 1134 242 EPISTOLAE.
1390 212 1474 254 241

215 302 438 366 pervenit,
466 301 541 365 qui
565 300 637 346 illa
665 301 774 346 bene
806 314 997 346 utuntur.
1023 299 1147 346 multi
1172 298 1287 346 enim
1320 300 1412 348 sunt
1431 317 1483 348 ex

213 376 279 421 his
302 375 460 437 togatis
477 405 492 428 ‚
512 372 668 435 quibus
688 388 770 434 pax
791 371 1019 433 operolior
1040 371 1154 417 bello
1181 370 1253 417 est.
1275 372 1345 416 An
1366 372 1482 417 idem

213 448 428 492 existimas
457 461 541 508 pro
572 460 684 505 pace
716 444 872 491 debere
901 459 1007 501 eos,
1037 443 1111 506 qui
1146 443 1259 490 illam
1290 443 1482 491 ebrietati

213 531 286 564 aut
304 514 471 563 libidini
489 517 748 578 impendunt
762 552 775 573 ‚
799 530 871 563 aut
886 516 982 562 aliis
1003 515 1119 564 vitiis
1133 550 1145 571 ‚
1163 532 1270 577 quae
1286 515 1355 564 vel
1369 515 1484 561 bello

214 590 456 651 rumpenda
488 588 619 635 sunt?
657 589 733 634 nisi
763 588 880 636 forte
908 602 993 634 tam
1024 588 1219 651 iniquum
1251 599 1373 650 putas
1401 588 1486 633 effe

214 661 477 723 sapientem,
502 664 549 707 ut
579 660 683 707 nihil
714 661 876 707 viritim
904 660 944 706 se
975 661 1132 707 debere
1163 676 1245 721 pro
1277 677 1485 706 commu-

214 732 340 779 nibus
364 732 489 778 bonis
511 732 684 778 iudicet.
705 731 796 778 Soli
815 733 1029 794 lunaeque
1057 733 1295 794 plurimum
1318 732 1484 778 debeoz'

214 817 258 852 et
283 822 371 851 non
402 805 476 850 uni
503 806 611 850 mihi
641 805 856 850 oriuntur.
879 821 1020 863 anno,
1050 805 1395 868 temperantique
1412 821 1486 850 ann

214 896 318 925 num
341 880 444 926 Deo
465 915 477 936 ,
510 880 714 942 privatim
737 879 948 943 obligatus
967 879 1058 925 sum
1079 898 1089 925 ε
1109 880 1311 942 quamvis
1332 895 1422 924 non
1441 878 1488 924 in

215 967 360 998 meum
388 952 606 997 honorem
639 950 851 1012 descripta
877 950 969 996 fint.
998 951 1133 998 Stulta
1158 950 1338 995 avaritia
1367 965 1489 996 mor-

215 1025 364 1070 talium
393 1024 698 1087 pofl'effionem
722 1023 1123 1086 proprietatemque
1147 1022 1373 1079 discernit,
1407 1037 1490 1068 nec

215 1097 449 1159 quidquam
478 1096 601 1143 suum
625 1096 761 1142 credit
784 1094 870 1142 effe
885 1130 898 1154 ‚
935 1095 1056 1158 quod
1081 1095 1303 1157 publicum
1329 1093 1389 1140 est
1412 1111 1422 1139 :
1445 1106 1489 1141 at

213 1170 283 1216 ille
301 1170 464 1232 sapiens
482 1169 585 1215 nihil
610 1168 772 1217 iudicat
798 1168 918 1215 suum
940 1170 1105 1233 magis,
1137 1186 1265 1232 quam
1286 1169 1408 1227 cuius
1427 1168 1489 1215 illi

214 1260 313 1290 cum
343 1244 536 1289 humano
568 1259 724 1304 genere
753 1242 1021 1289 consortium
1049 1242 1123 1289 est.
1158 1245 1251 1289 Nec
1279 1242 1395 1289 enim
1422 1241 1486 1287 es=‘

214 1316 305 1363 sent
346 1315 421 1361 ista
460 1315 714 1362 eommunia
746 1350 759 1372 a
795 1314 871 1360 nifi
909 1331 1007 1378 pars
1038 1313 1212 1362 illorum
1248 1314 1487 1377 pertineret

215 1389 270 1434 ad
298 1388 500 1451 fingulos.
529 1388 694 1434 socium
721 1387 875 1445 efficit5
907 1388 1036 1434 etiam
1068 1388 1189 1451 quod
1220 1399 1275 1434 ex
1303 1387 1486 1450 minima
1550 1432 1554 1433 γ

215 1461 421 1524 portione
456 1475 694 1508 commune
726 1460 799 1507 est.
831 1461 987 1507 Adiice
1022 1478 1161 1518 nunc,
1191 1462 1310 1525 quod
1329 1464 1487 1525 magna

214 1546 258 1581 et
295 1550 398 1580 vera
431 1533 547 1579 bona
582 1546 672 1578 non
707 1531 763 1578 fic
797 1532 1087 1591 dividunturr,
1123 1545 1171 1580 ut
1203 1533 1407 1596 &siguum
1438 1534 1486 1579 in'

213 1606 402 1669 fingulos
430 1606 586 1652 cadat:
618 1606 671 1651 ad
696 1621 1054 1669 unumquemque
1084 1620 1178 1653 tota
1208 1605 1484 1669 perveniunn

214 1680 279 1725 Ex
314 1677 540 1741 congiario
574 1690 742 1723 tantum
773 1677 915 1724 ferunt
944 1677 1168 1735 homines,
1200 1693 1407 1741 quantum
1438 1678 1485 1724 iri

215 1751 352 1814 capita
379 1750 632 1813 promissum
669 1749 730 1796 est
765 1768 775 1796 τ
807 1752 984 1813 epulum
1014 1763 1057 1798 et
1088 1751 1320 1798 visceratio
1339 1787 1350 1808 ‚
1375 1764 1417 1798 et
1451 1752 1483 1797 fi

215 1825 320 1888 quid
344 1824 459 1870 aliud
479 1825 647 1886 capitur
664 1841 794 1871 manu
810 1861 823 1881 ,
849 1824 1025 1872 discedit
1045 1825 1092 1870 in
1115 1837 1256 1886 partes
1277 1842 1287 1871 :
1311 1837 1352 1870 at
1375 1826 1482 1873 haec

215 1897 439 1944 individua
464 1898 607 1954 bona,›
630 1910 714 1960 pax
724 1926 737 1952 9
764 1911 806 1944 et
832 1898 1026 1953 libertas,
1054 1909 1141 1943 tam
1165 1899 1365 1943 omnium
1387 1912 1484 1946 tota-

217 1985 346 2033 quam
374 1970 638 2033 singulorum
666 1969 770 2016 sunt.
800 1969 980 2032 Cogitat
1010 1970 1153 2034 itaque
1180 1970 1369 2032 sapiens,
1402 1988 1482 2034 per

215 2059 344 2106 quem
384 2041 460 2089 fibi
496 2043 652 2088 horum
689 2042 783 2087 usus
820 2041 1067 2106 fruetusque
1114 2044 1366 2107 contingat,
1404 2047 1482 2107 per

216 2131 345 2178 quem
379 2131 468 2162 non
498 2115 551 2160 ad
578 2131 694 2182 arma
719 2114 864 2170 illum,
900 2133 980 2162 nec
1013 2117 1065 2162 ad
1102 2116 1330 2163 servandas
1360 2118 1480 2181 vigi-

216 2187 318 2244 lias,
343 2203 423 2234 nec
452 2188 505 2233 ad
535 2187 693 2233 tuenda
724 2186 922 2243 moenia,
958 2198 999 2233 et
1023 2187 1247 2250 multiplex
1275 2188 1375 2234 belli
1401 2190 1481 2237 tri«³

216 2259 368 2305 butum
397 2258 567 2321 publica
600 2258 819 2306 neceffitas
847 2272 981 2305 vocet
1013 2276 1024 2306 ε
1052 2258 1223 2322 agitque
1263 2261 1480 2322 guberna-

214 2331 302 2378 tori
326 2330 403 2378 suo
428 2330 598 2394 gratias.
626 2331 727 2376 Hoc
757 2330 888 2376 docet
921 2329 1194 2392 philosophia
1223 2331 1478 2393 praecipue5

215 2404 326 2451 bene
362 2404 518 2449 debere
547 2401 781 2460 beneficia,
812 2403 921 2449 bene
951 2401 1132 2449 solvere.
1159 2402 1374 2449 interdum
1397 2419 1481 2451 auv‘

216 2489 303 2522 tem
338 2475 495 2522 solutio
526 2474 586 2521 est
616 2475 703 2537 ipsa
738 2474 962 2523 confeffio.
1009 2474 1304 2523 Confitebitur
1341 2494 1479 2541 ergo„v

280 2551 328 2596 L.
356 2552 477 2594 Arm.
505 2548 674 2593 Seneca.
714 2551 807 2594 Vol.
826 2549 915 2594 III.
1207 2550 1253 2608 Q
