<?xml version="1.0" encoding="UTF-8"?>
<!DOCTYPE html PUBLIC "-//W3C//DTD XHTML 1.0 Transitional//EN"
    "http://www.w3.org/TR/xhtml1/DTD/xhtml1-transitional.dtd">
<html xmlns="http://www.w3.org/1999/xhtml" xml:lang="en" lang="en">
 <head>
  <title>
</title>
<meta http-equiv="Content-Type" content="text/html;charset=utf-8" />
  <meta name='ocr-system' content='tesseract 3.04.00' />
  <meta name='ocr-capabilities' content='ocr_page ocr_carea ocr_par ocr_line ocrx_word'/>
</head>
<body>
  <div class='ocr_page' id='page_1' title='image "./lannaeisenecaeph03seneuoft_0235.png"; bbox 0 0 1807 3004; ppageno 0'>
   <div class='ocr_carea' id='block_1_1' title="bbox 0 0 43 3004">
    <p class='ocr_par' dir='ltr' id='par_1_1' title="bbox 0 0 43 3004">
     <span class='ocr_line' id='line_1_1' title="bbox 0 0 43 3004; baseline 0 0"><span class='ocrx_word' id='word_1_1' title='bbox 0 0 43 3004; x_wconf 95' lang='lat' dir='ltr'><strong> </strong></span> 
     </span>
    </p>
   </div>
   <div class='ocr_carea' id='block_1_2' title="bbox 548 236 1468 300">
    <p class='ocr_par' dir='ltr' id='par_1_2' title="bbox 548 236 1468 300">
     <span class='ocr_line' id='line_1_2' title="bbox 548 236 1468 300; baseline 0.001 -18"><span class='ocrx_word' id='word_1_2' title='bbox 548 236 1116 282; x_wconf 69' lang='lat' dir='ltr'><strong>EPtSTOLAE.</strong></span> <span class='ocrx_word' id='word_1_3' title='bbox 1376 254 1468 300; x_wconf 74' lang='lat'><strong>227</strong></span> 
     </span>
    </p>
   </div>
   <div class='ocr_carea' id='block_1_3' title="bbox 174 341 1474 2656">
    <p class='ocr_par' dir='ltr' id='par_1_3' title="bbox 174 341 1474 2656">
     <span class='ocr_line' id='line_1_3' title="bbox 194 341 1471 407; baseline 0 -16"><span class='ocrx_word' id='word_1_4' title='bbox 194 344 328 407; x_wconf 67' lang='lat' dir='ltr'><strong>posita</strong></span> <span class='ocrx_word' id='word_1_5' title='bbox 361 343 433 392; x_wconf 80' lang='lat' dir='ltr'><strong>est.</strong></span> <span class='ocrx_word' id='word_1_6' title='bbox 462 344 635 401; x_wconf 88' lang='lat' dir='ltr'><strong>Nemo,</strong></span> <span class='ocrx_word' id='word_1_7' title='bbox 662 343 865 407; x_wconf 77' lang='lat' dir='ltr'><strong>quamvis</strong></span> <span class='ocrx_word' id='word_1_8' title='bbox 897 356 1070 406; x_wconf 74' lang='lat' dir='ltr'><strong>paratos</strong></span> <span class='ocrx_word' id='word_1_9' title='bbox 1102 341 1254 390; x_wconf 83' lang='lat' dir='ltr'><strong>habeat</strong></span> <span class='ocrx_word' id='word_1_10' title='bbox 1280 344 1471 403; x_wconf 80' lang='lat' dir='ltr'><strong>colores,</strong></span> 
     </span>
     <span class='ocr_line' id='line_1_4' title="bbox 192 416 1474 481; baseline 0 -17"><span class='ocrx_word' id='word_1_11' title='bbox 192 417 514 479; x_wconf 64' lang='lat' dir='ltr'><strong>similitudinem</strong></span> <span class='ocrx_word' id='word_1_12' title='bbox 532 416 684 463; x_wconf 77' lang='lat' dir='ltr'><strong>reddet</strong></span> <span class='ocrx_word' id='word_1_13' title='bbox 702 453 714 474; x_wconf 93' lang='lat'><strong>,</strong></span> <span class='ocrx_word' id='word_1_14' title='bbox 735 417 811 463; x_wconf 83' lang='lat' dir='ltr'><strong>nifi</strong></span> <span class='ocrx_word' id='word_1_15' title='bbox 830 417 914 462; x_wconf 85' lang='lat' dir='ltr'><strong>iam</strong></span> <span class='ocrx_word' id='word_1_16' title='bbox 936 416 1106 464; x_wconf 83' lang='lat' dir='ltr'><strong>constet</strong></span> <span class='ocrx_word' id='word_1_17' title='bbox 1125 417 1232 481; x_wconf 87' lang='lat' dir='ltr'><strong>quid</strong></span> <span class='ocrx_word' id='word_1_18' title='bbox 1253 418 1359 465; x_wconf 89' lang='lat' dir='ltr'><strong>velit</strong></span> <span class='ocrx_word' id='word_1_19' title='bbox 1379 418 1474 481; x_wconf 85' lang='lat' dir='ltr'><strong>piu-</strong></span> 
     </span>
     <span class='ocr_line' id='line_1_5' title="bbox 191 490 1473 556; baseline 0.002 -18"><span class='ocrx_word' id='word_1_20' title='bbox 191 508 304 556; x_wconf 79' lang='lat' dir='ltr'><strong>gere.</strong></span> <span class='ocrx_word' id='word_1_21' title='bbox 332 491 440 538; x_wconf 88' lang='lat' dir='ltr'><strong>Ideo</strong></span> <span class='ocrx_word' id='word_1_22' title='bbox 467 506 725 553; x_wconf 86' lang='lat' dir='ltr'>peccamus,</span> <span class='ocrx_word' id='word_1_23' title='bbox 756 491 858 554; x_wconf 87' lang='lat' dir='ltr'><strong>quia</strong></span> <span class='ocrx_word' id='word_1_24' title='bbox 876 490 930 538; x_wconf 91' lang='lat' dir='ltr'><strong>de</strong></span> <span class='ocrx_word' id='word_1_25' title='bbox 951 491 1140 553; x_wconf 83' lang='lat' dir='ltr'><strong>partibus</strong></span> <span class='ocrx_word' id='word_1_26' title='bbox 1166 492 1281 539; x_wconf 84' lang='lat' dir='ltr'><strong>vitae</strong></span> <span class='ocrx_word' id='word_1_27' title='bbox 1317 509 1473 541; x_wconf 89' lang='lat' dir='ltr'><strong>omnes</strong></span> 
     </span>
     <span class='ocr_line' id='line_1_6' title="bbox 190 561 1471 620; baseline 0.002 -10"><span class='ocrx_word' id='word_1_28' title='bbox 190 564 504 620; x_wconf 78' lang='lat' dir='ltr'>deliberamus,</span> <span class='ocrx_word' id='word_1_29' title='bbox 534 563 588 609; x_wconf 92' lang='lat' dir='ltr'><strong>de</strong></span> <span class='ocrx_word' id='word_1_30' title='bbox 624 573 716 609; x_wconf 87' lang='lat' dir='ltr'><strong>tota</strong></span> <span class='ocrx_word' id='word_1_31' title='bbox 762 579 895 610; x_wconf 90' lang='lat' dir='ltr'><strong>nemo</strong></span> <span class='ocrx_word' id='word_1_32' title='bbox 927 561 1148 610; x_wconf 77' lang='lat' dir='ltr'><strong>deliberat.</strong></span> <span class='ocrx_word' id='word_1_33' title='bbox 1191 564 1309 611; x_wconf 90' lang='lat' dir='ltr'><strong>Scire</strong></span> <span class='ocrx_word' id='word_1_34' title='bbox 1342 566 1471 613; x_wconf 88' lang='lat' dir='ltr'><strong>debet</strong></span> 
     </span>
     <span class='ocr_line' id='line_1_7' title="bbox 189 635 1471 701; baseline 0.002 -19"><span class='ocrx_word' id='word_1_35' title='bbox 189 635 293 700; x_wconf 87' lang='lat' dir='ltr'><strong>quid</strong></span> <span class='ocrx_word' id='word_1_36' title='bbox 307 647 424 699; x_wconf 85' lang='lat' dir='ltr'><strong>petat</strong></span> <span class='ocrx_word' id='word_1_37' title='bbox 438 636 538 695; x_wconf 87' lang='lat' dir='ltr'><strong>ille,</strong></span> <span class='ocrx_word' id='word_1_38' title='bbox 565 638 642 701; x_wconf 90' lang='lat' dir='ltr'><strong>qui</strong></span> <span class='ocrx_word' id='word_1_39' title='bbox 663 636 854 701; x_wconf 79' lang='lat' dir='ltr'><strong>sagittam</strong></span> <span class='ocrx_word' id='word_1_40' title='bbox 877 635 972 683; x_wconf 89' lang='lat' dir='ltr'><strong>vult</strong></span> <span class='ocrx_word' id='word_1_41' title='bbox 990 635 1160 682; x_wconf 86' lang='lat' dir='ltr'><strong>mittere</strong></span> <span class='ocrx_word' id='word_1_42' title='bbox 1181 653 1191 682; x_wconf 91' lang='lat'><strong>:</strong></span> <span class='ocrx_word' id='word_1_43' title='bbox 1215 649 1258 684; x_wconf 88' lang='lat' dir='ltr'><strong>et</strong></span> <span class='ocrx_word' id='word_1_44' title='bbox 1281 649 1385 685; x_wconf 84' lang='lat' dir='ltr'><strong>tunc</strong></span> <span class='ocrx_word' id='word_1_45' title='bbox 1403 639 1471 685; x_wconf 90' lang='lat' dir='ltr'><strong>di-</strong></span> 
     </span>
     <span class='ocr_line' id='line_1_8' title="bbox 187 709 1470 774; baseline 0.002 -18"><span class='ocrx_word' id='word_1_46' title='bbox 187 711 344 774; x_wconf 87' lang='lat' dir='ltr'><strong>rigere,</strong></span> <span class='ocrx_word' id='word_1_47' title='bbox 374 724 416 758; x_wconf 90' lang='lat' dir='ltr'><strong>et</strong></span> <span class='ocrx_word' id='word_1_48' title='bbox 442 711 665 758; x_wconf 86' lang='lat' dir='ltr'><strong>moderari</strong></span> <span class='ocrx_word' id='word_1_49' title='bbox 689 727 822 757; x_wconf 89' lang='lat' dir='ltr'><strong>manu</strong></span> <span class='ocrx_word' id='word_1_50' title='bbox 848 709 1000 758; x_wconf 86' lang='lat' dir='ltr'><strong>telum.</strong></span> <span class='ocrx_word' id='word_1_51' title='bbox 1031 722 1175 756; x_wconf 88' lang='lat' dir='ltr'><strong>errant</strong></span> <span class='ocrx_word' id='word_1_52' title='bbox 1188 711 1364 758; x_wconf 77' lang='lat' dir='ltr'><strong>consilia</strong></span> <span class='ocrx_word' id='word_1_53' title='bbox 1385 728 1470 758; x_wconf 89' lang='lat' dir='ltr'><strong>no-</strong></span> 
     </span>
     <span class='ocr_line' id='line_1_9' title="bbox 186 782 1469 848; baseline 0.002 -19"><span class='ocrx_word' id='word_1_54' title='bbox 186 782 297 843; x_wconf 87' lang='lat' dir='ltr'><strong>stra,</strong></span> <span class='ocrx_word' id='word_1_55' title='bbox 333 784 436 847; x_wconf 84' lang='lat' dir='ltr'><strong>quia</strong></span> <span class='ocrx_word' id='word_1_56' title='bbox 476 800 568 831; x_wconf 90' lang='lat' dir='ltr'><strong>non</strong></span> <span class='ocrx_word' id='word_1_57' title='bbox 604 785 765 839; x_wconf 86' lang='lat' dir='ltr'><strong>habent</strong></span> <span class='ocrx_word' id='word_1_58' title='bbox 801 800 892 847; x_wconf 90' lang='lat' dir='ltr'><strong>quo</strong></span> <span class='ocrx_word' id='word_1_59' title='bbox 935 783 1186 847; x_wconf 78' lang='lat' dir='ltr'><strong>dirigantur.</strong></span> <span class='ocrx_word' id='word_1_60' title='bbox 1242 785 1469 848; x_wconf 84' lang='lat' dir='ltr'><strong>Ignoranti</strong></span> 
     </span>
     <span class='ocr_line' id='line_1_10' title="bbox 185 856 1468 920; baseline 0.003 -18"><span class='ocrx_word' id='word_1_61' title='bbox 185 871 316 918; x_wconf 84' lang='lat' dir='ltr'><strong>quem</strong></span> <span class='ocrx_word' id='word_1_62' title='bbox 347 868 522 919; x_wconf 86' lang='lat' dir='ltr'><strong>portum</strong></span> <span class='ocrx_word' id='word_1_63' title='bbox 548 868 694 920; x_wconf 88' lang='lat' dir='ltr'><strong>petat,</strong></span> <span class='ocrx_word' id='word_1_64' title='bbox 723 856 864 903; x_wconf 84' lang='lat' dir='ltr'><strong>nullus</strong></span> <span class='ocrx_word' id='word_1_65' title='bbox 891 856 988 903; x_wconf 84' lang='lat' dir='ltr'><strong>suus</strong></span> <span class='ocrx_word' id='word_1_66' title='bbox 1017 868 1175 903; x_wconf 83' lang='lat' dir='ltr'><strong>ventus</strong></span> <span class='ocrx_word' id='word_1_67' title='bbox 1204 856 1276 903; x_wconf 87' lang='lat' dir='ltr'><strong>est.</strong></span> <span class='ocrx_word' id='word_1_68' title='bbox 1305 859 1468 906; x_wconf 84' lang='lat' dir='ltr'><strong>Neces-</strong></span> 
     </span>
     <span class='ocr_line' id='line_1_11' title="bbox 185 929 1469 994; baseline 0.003 -20"><span class='ocrx_word' id='word_1_69' title='bbox 185 929 227 975; x_wconf 86' lang='lat' dir='ltr'><strong>se</strong></span> <span class='ocrx_word' id='word_1_70' title='bbox 252 930 313 977; x_wconf 90' lang='lat' dir='ltr'><strong>est</strong></span> <span class='ocrx_word' id='word_1_71' title='bbox 339 931 526 978; x_wconf 89' lang='lat' dir='ltr'><strong>multum</strong></span> <span class='ocrx_word' id='word_1_72' title='bbox 548 932 594 978; x_wconf 90' lang='lat' dir='ltr'><strong>in</strong></span> <span class='ocrx_word' id='word_1_73' title='bbox 620 932 711 979; x_wconf 84' lang='lat' dir='ltr'><strong>vita</strong></span> <span class='ocrx_word' id='word_1_74' title='bbox 737 931 881 978; x_wconf 83' lang='lat' dir='ltr'><strong>nostra</strong></span> <span class='ocrx_word' id='word_1_75' title='bbox 905 930 1023 977; x_wconf 88' lang='lat' dir='ltr'><strong>casus</strong></span> <span class='ocrx_word' id='word_1_76' title='bbox 1047 929 1176 992; x_wconf 88' lang='lat' dir='ltr'><strong>poffit</strong></span> <span class='ocrx_word' id='word_1_77' title='bbox 1190 965 1204 988; x_wconf 90' lang='lat'>‚</span> <span class='ocrx_word' id='word_1_78' title='bbox 1228 930 1331 994; x_wconf 88' lang='lat' dir='ltr'><strong>quia</strong></span> <span class='ocrx_word' id='word_1_79' title='bbox 1348 932 1469 978; x_wconf 89' lang='lat' dir='ltr'><strong>vivi-</strong></span> 
     </span>
     <span class='ocr_line' id='line_1_12' title="bbox 184 1002 1466 1066; baseline 0.001 -16"><span class='ocrx_word' id='word_1_80' title='bbox 184 1019 282 1052; x_wconf 87' lang='lat' dir='ltr'><strong>mus</strong></span> <span class='ocrx_word' id='word_1_81' title='bbox 310 1006 428 1066; x_wconf 67' lang='lat' dir='ltr'><strong>casu.</strong></span> <span class='ocrx_word' id='word_1_82' title='bbox 471 1005 744 1066; x_wconf 79' lang='lat' dir='ltr'><strong>Quibusdam</strong></span> <span class='ocrx_word' id='word_1_83' title='bbox 779 1016 923 1051; x_wconf 88' lang='lat' dir='ltr'><strong>autem</strong></span> <span class='ocrx_word' id='word_1_84' title='bbox 955 1002 1138 1066; x_wconf 16' lang='lat' dir='ltr'><strong>(evenit,</strong></span> <span class='ocrx_word' id='word_1_85' title='bbox 1171 1015 1218 1050; x_wconf 87' lang='lat' dir='ltr'><strong>ut</strong></span> <span class='ocrx_word' id='word_1_86' title='bbox 1250 1005 1466 1066; x_wconf 76' lang='lat' dir='ltr'><strong>quaedam</strong></span> 
     </span>
     <span class='ocr_line' id='line_1_13' title="bbox 183 1075 1464 1141; baseline 0 -17"><span class='ocrx_word' id='word_1_87' title='bbox 183 1078 289 1125; x_wconf 87' lang='lat' dir='ltr'><strong>scire</strong></span> <span class='ocrx_word' id='word_1_88' title='bbox 304 1077 346 1125; x_wconf 90' lang='lat' dir='ltr'><strong>se</strong></span> <span class='ocrx_word' id='word_1_89' title='bbox 365 1078 564 1125; x_wconf 81' lang='lat' dir='ltr'><strong>nesciant.</strong></span> <span class='ocrx_word' id='word_1_90' title='bbox 581 1077 954 1141; x_wconf 78' lang='lat' dir='ltr'><strong>quemadmodum</strong></span> <span class='ocrx_word' id='word_1_91' title='bbox 969 1075 1215 1139; x_wconf 81' lang='lat' dir='ltr'><strong>quaerimus</strong></span> <span class='ocrx_word' id='word_1_92' title='bbox 1227 1075 1349 1138; x_wconf 87' lang='lat' dir='ltr'><strong>saepe</strong></span> <span class='ocrx_word' id='word_1_93' title='bbox 1370 1094 1464 1136; x_wconf 86' lang='lat' dir='ltr'><strong>eos,</strong></span> 
     </span>
     <span class='ocr_line' id='line_1_14' title="bbox 183 1145 1458 1215; baseline 0.001 -19"><span class='ocrx_word' id='word_1_94' title='bbox 183 1167 282 1197; x_wconf 90' lang='lat' dir='ltr'><strong>cum</strong></span> <span class='ocrx_word' id='word_1_95' title='bbox 303 1151 458 1215; x_wconf 88' lang='lat' dir='ltr'><strong>quibus</strong></span> <span class='ocrx_word' id='word_1_96' title='bbox 478 1150 636 1198; x_wconf 87' lang='lat' dir='ltr'><strong>stamus</strong></span> <span class='ocrx_word' id='word_1_97' title='bbox 654 1168 664 1196; x_wconf 92' lang='lat'>:</span> <span class='ocrx_word' id='word_1_98' title='bbox 686 1149 743 1196; x_wconf 87' lang='lat' dir='ltr'><strong>ita</strong></span> <span class='ocrx_word' id='word_1_99' title='bbox 760 1149 1020 1214; x_wconf 84' lang='lat' dir='ltr'><strong>plerumque</strong></span> <span class='ocrx_word' id='word_1_100' title='bbox 1040 1148 1174 1196; x_wconf 82' lang='lat' dir='ltr'><strong>finem</strong></span> <span class='ocrx_word' id='word_1_101' title='bbox 1194 1148 1349 1196; x_wconf 86' lang='lat' dir='ltr'><strong>summi</strong></span> <span class='ocrx_word' id='word_1_102' title='bbox 1369 1145 1458 1197; x_wconf 52' lang='lat' dir='ltr'><strong>boss</strong></span> 
     </span>
     <span class='ocr_line' id='line_1_15' title="bbox 181 1220 1457 1286; baseline 0.002 -19"><span class='ocrx_word' id='word_1_103' title='bbox 181 1223 226 1268; x_wconf 87' lang='lat' dir='ltr'><strong>ni</strong></span> <span class='ocrx_word' id='word_1_104' title='bbox 247 1223 500 1286; x_wconf 86' lang='lat' dir='ltr'><strong>ignoramus</strong></span> <span class='ocrx_word' id='word_1_105' title='bbox 519 1220 778 1286; x_wconf 69' lang='lat' dir='ltr'><strong>appositum.</strong></span> <span class='ocrx_word' id='word_1_106' title='bbox 800 1238 881 1269; x_wconf 86' lang='lat' dir='ltr'><strong>nec</strong></span> <span class='ocrx_word' id='word_1_107' title='bbox 909 1221 1050 1268; x_wconf 77' lang='lat' dir='ltr'><strong>multis</strong></span> <span class='ocrx_word' id='word_1_108' title='bbox 1069 1221 1214 1268; x_wconf 83' lang='lat' dir='ltr'><strong>verbis</strong></span> <span class='ocrx_word' id='word_1_109' title='bbox 1231 1254 1244 1276; x_wconf 91' lang='lat'><strong>‚</strong></span> <span class='ocrx_word' id='word_1_110' title='bbox 1266 1239 1349 1270; x_wconf 89' lang='lat' dir='ltr'><strong>nec</strong></span> <span class='ocrx_word' id='word_1_111' title='bbox 1370 1224 1457 1270; x_wconf 88' lang='lat' dir='ltr'><strong>cir-</strong></span> 
     </span>
     <span class='ocr_line' id='line_1_16' title="bbox 180 1293 1459 1359; baseline 0.001 -17"><span class='ocrx_word' id='word_1_112' title='bbox 180 1295 300 1342; x_wconf 89' lang='lat' dir='ltr'><strong>cuitu</strong></span> <span class='ocrx_word' id='word_1_113' title='bbox 324 1295 462 1356; x_wconf 83' lang='lat' dir='ltr'><strong>longo</strong></span> <span class='ocrx_word' id='word_1_114' title='bbox 481 1330 494 1353; x_wconf 86' lang='lat'><strong>,</strong></span> <span class='ocrx_word' id='word_1_115' title='bbox 515 1295 623 1357; x_wconf 87' lang='lat' dir='ltr'><strong>quid</strong></span> <span class='ocrx_word' id='word_1_116' title='bbox 653 1295 701 1340; x_wconf 88' lang='lat' dir='ltr'><strong>fit</strong></span> <span class='ocrx_word' id='word_1_117' title='bbox 720 1294 937 1341; x_wconf 80' lang='lat' dir='ltr'><strong>summum</strong></span> <span class='ocrx_word' id='word_1_118' title='bbox 967 1293 1135 1340; x_wconf 85' lang='lat' dir='ltr'><strong>bonum</strong></span> <span class='ocrx_word' id='word_1_119' title='bbox 1159 1294 1334 1359; x_wconf 83' lang='lat' dir='ltr'><strong>colliges</strong></span> <span class='ocrx_word' id='word_1_120' title='bbox 1356 1314 1365 1342; x_wconf 91' lang='lat'>:</span> <span class='ocrx_word' id='word_1_121' title='bbox 1391 1296 1459 1343; x_wconf 87' lang='lat' dir='ltr'><strong>di-</strong></span> 
     </span>
     <span class='ocr_line' id='line_1_17' title="bbox 179 1365 1462 1430; baseline 0.002 -18"><span class='ocrx_word' id='word_1_122' title='bbox 179 1367 273 1430; x_wconf 77' lang='lat' dir='ltr'><strong>gito</strong></span> <span class='ocrx_word' id='word_1_123' title='bbox 289 1402 303 1423; x_wconf 91' lang='lat'>‚</span> <span class='ocrx_word' id='word_1_124' title='bbox 329 1379 379 1412; x_wconf 90' lang='lat' dir='ltr'><strong>ut</strong></span> <span class='ocrx_word' id='word_1_125' title='bbox 399 1366 458 1413; x_wconf 88' lang='lat' dir='ltr'><strong>ita</strong></span> <span class='ocrx_word' id='word_1_126' title='bbox 478 1366 618 1414; x_wconf 81' lang='lat' dir='ltr'><strong>dicam</strong></span> <span class='ocrx_word' id='word_1_127' title='bbox 639 1401 652 1423; x_wconf 94' lang='lat'><strong>,</strong></span> <span class='ocrx_word' id='word_1_128' title='bbox 673 1365 1056 1412; x_wconf 79' lang='lat' dir='ltr'><strong>demonstrandum</strong></span> <span class='ocrx_word' id='word_1_129' title='bbox 1079 1366 1139 1412; x_wconf 87' lang='lat' dir='ltr'><strong>est</strong></span> <span class='ocrx_word' id='word_1_130' title='bbox 1153 1399 1165 1422; x_wconf 92' lang='lat'><strong>‚</strong></span> <span class='ocrx_word' id='word_1_131' title='bbox 1186 1383 1266 1425; x_wconf 74' lang='lat' dir='ltr'><strong>nec</strong></span> <span class='ocrx_word' id='word_1_132' title='bbox 1283 1367 1327 1413; x_wconf 84' lang='lat' dir='ltr'><strong>in</strong></span> <span class='ocrx_word' id='word_1_133' title='bbox 1349 1368 1462 1414; x_wconf 82' lang='lat' dir='ltr'><strong>mul-</strong></span> 
     </span>
     <span class='ocr_line' id='line_1_18' title="bbox 181 1438 1462 1503; baseline 0.002 -18"><span class='ocrx_word' id='word_1_134' title='bbox 181 1452 223 1485; x_wconf 79' lang='lat' dir='ltr'><strong>ta</strong></span> <span class='ocrx_word' id='word_1_135' title='bbox 246 1438 544 1501; x_wconf 85' lang='lat' dir='ltr'><strong>spargendum.</strong></span> <span class='ocrx_word' id='word_1_136' title='bbox 582 1438 705 1498; x_wconf 84' lang='lat' dir='ltr'><strong>Quid</strong></span> <span class='ocrx_word' id='word_1_137' title='bbox 731 1439 846 1484; x_wconf 85' lang='lat' dir='ltr'><strong>enim</strong></span> <span class='ocrx_word' id='word_1_138' title='bbox 868 1439 923 1485; x_wconf 86' lang='lat' dir='ltr'><strong>ad</strong></span> <span class='ocrx_word' id='word_1_139' title='bbox 950 1454 1041 1484; x_wconf 87' lang='lat' dir='ltr'><strong>rem</strong></span> <span class='ocrx_word' id='word_1_140' title='bbox 1069 1439 1282 1502; x_wconf 78' lang='lat' dir='ltr'><strong>pertinet,</strong></span> <span class='ocrx_word' id='word_1_141' title='bbox 1301 1440 1346 1486; x_wconf 89' lang='lat' dir='ltr'><strong>in</strong></span> <span class='ocrx_word' id='word_1_142' title='bbox 1366 1457 1462 1503; x_wconf 86' lang='lat' dir='ltr'><strong>par-</strong></span> 
     </span>
     <span class='ocr_line' id='line_1_19' title="bbox 180 1511 1461 1576; baseline 0.005 -19"><span class='ocrx_word' id='word_1_143' title='bbox 180 1511 328 1559; x_wconf 86' lang='lat' dir='ltr'><strong>ticulas</strong></span> <span class='ocrx_word' id='word_1_144' title='bbox 353 1511 460 1558; x_wconf 83' lang='lat' dir='ltr'><strong>illud</strong></span> <span class='ocrx_word' id='word_1_145' title='bbox 487 1513 693 1560; x_wconf 88' lang='lat' dir='ltr'><strong>diducere</strong></span> <span class='ocrx_word' id='word_1_146' title='bbox 715 1513 732 1560; x_wconf 85' lang='lat'>?</span> <span class='ocrx_word' id='word_1_147' title='bbox 753 1531 853 1559; x_wconf 87' lang='lat' dir='ltr'><strong>cum</strong></span> <span class='ocrx_word' id='word_1_148' title='bbox 874 1514 1006 1576; x_wconf 75' lang='lat' dir='ltr'><strong>possis</strong></span> <span class='ocrx_word' id='word_1_149' title='bbox 1032 1515 1202 1574; x_wconf 86' lang='lat' dir='ltr'><strong>dicere,</strong></span> <span class='ocrx_word' id='word_1_150' title='bbox 1227 1517 1461 1564; x_wconf 85' lang='lat' dir='ltr'><strong>Summum</strong></span> 
     </span>
     <span class='ocr_line' id='line_1_20' title="bbox 175 1579 1460 1653; baseline 0.005 -23"><span class='ocrx_word' id='word_1_151' title='bbox 175 1584 345 1632; x_wconf 60' lang='lat' dir='ltr'><strong>&#39;bonum</strong></span> <span class='ocrx_word' id='word_1_152' title='bbox 372 1585 458 1642; x_wconf 87' lang='lat' dir='ltr'><strong>est,</strong></span> <span class='ocrx_word' id='word_1_153' title='bbox 487 1579 608 1649; x_wconf 83' lang='lat' dir='ltr'><strong>quod</strong></span> <span class='ocrx_word' id='word_1_154' title='bbox 628 1586 860 1634; x_wconf 79' lang='lat' dir='ltr'><strong>honestum</strong></span> <span class='ocrx_word' id='word_1_155' title='bbox 887 1586 976 1634; x_wconf 87' lang='lat' dir='ltr'><strong>est:</strong></span> <span class='ocrx_word' id='word_1_156' title='bbox 1005 1601 1047 1634; x_wconf 84' lang='lat' dir='ltr'><strong>et</strong></span> <span class='ocrx_word' id='word_1_157' title='bbox 1070 1589 1193 1651; x_wconf 88' lang='lat' dir='ltr'><strong>quod</strong></span> <span class='ocrx_word' id='word_1_158' title='bbox 1224 1590 1361 1653; x_wconf 82' lang='lat' dir='ltr'><strong>magis</strong></span> <span class='ocrx_word' id='word_1_159' title='bbox 1382 1592 1460 1636; x_wconf 89' lang='lat' dir='ltr'><strong>ad-</strong></span> 
     </span>
     <span class='ocr_line' id='line_1_21' title="bbox 180 1659 1459 1725; baseline 0.005 -21"><span class='ocrx_word' id='word_1_160' title='bbox 180 1659 348 1706; x_wconf 80' lang='lat' dir='ltr'><strong>mireris</strong></span> <span class='ocrx_word' id='word_1_161' title='bbox 364 1695 377 1716; x_wconf 93' lang='lat'><strong>,</strong></span> <span class='ocrx_word' id='word_1_162' title='bbox 395 1661 545 1706; x_wconf 89' lang='lat' dir='ltr'><strong>Unum</strong></span> <span class='ocrx_word' id='word_1_163' title='bbox 568 1661 736 1707; x_wconf 87' lang='lat' dir='ltr'><strong>bonum</strong></span> <span class='ocrx_word' id='word_1_164' title='bbox 768 1661 852 1720; x_wconf 78' lang='lat' dir='ltr'><strong>est,</strong></span> <span class='ocrx_word' id='word_1_165' title='bbox 877 1664 998 1725; x_wconf 90' lang='lat' dir='ltr'><strong>quod</strong></span> <span class='ocrx_word' id='word_1_166' title='bbox 1020 1662 1248 1709; x_wconf 79' lang='lat' dir='ltr'><strong>honestum</strong></span> <span class='ocrx_word' id='word_1_167' title='bbox 1274 1663 1334 1710; x_wconf 85' lang='lat' dir='ltr'><strong>est</strong></span> <span class='ocrx_word' id='word_1_168' title='bbox 1354 1681 1363 1710; x_wconf 91' lang='lat'>:</span> <span class='ocrx_word' id='word_1_169' title='bbox 1387 1682 1459 1711; x_wconf 63' lang='lat' dir='ltr'><strong>ceo</strong></span> 
     </span>
     <span class='ocr_line' id='line_1_22' title="bbox 177 1732 1459 1799; baseline 0.005 -21"><span class='ocrx_word' id='word_1_170' title='bbox 177 1744 266 1779; x_wconf 84' lang='lat' dir='ltr'><strong>tera</strong></span> <span class='ocrx_word' id='word_1_171' title='bbox 289 1732 390 1779; x_wconf 89' lang='lat' dir='ltr'><strong>falsa</strong></span> <span class='ocrx_word' id='word_1_172' title='bbox 416 1744 458 1779; x_wconf 89' lang='lat' dir='ltr'><strong>et</strong></span> <span class='ocrx_word' id='word_1_173' title='bbox 484 1734 723 1782; x_wconf 85' lang='lat' dir='ltr'><strong>adulterina</strong></span> <span class='ocrx_word' id='word_1_174' title='bbox 751 1736 867 1782; x_wconf 85' lang='lat' dir='ltr'><strong>bona</strong></span> <span class='ocrx_word' id='word_1_175' title='bbox 893 1736 1001 1784; x_wconf 81' lang='lat' dir='ltr'><strong>sunt.</strong></span> <span class='ocrx_word' id='word_1_176' title='bbox 1038 1738 1158 1784; x_wconf 86' lang='lat' dir='ltr'><strong>Haec</strong></span> <span class='ocrx_word' id='word_1_177' title='bbox 1179 1737 1216 1783; x_wconf 72' lang='lat' dir='ltr'><strong>,fi</strong></span> <span class='ocrx_word' id='word_1_178' title='bbox 1249 1737 1459 1799; x_wconf 66' lang='lat' dir='ltr'><strong>persuase-</strong></span> 
     </span>
     <span class='ocr_line' id='line_1_23' title="bbox 178 1802 1459 1872; baseline 0.007 -24"><span class='ocrx_word' id='word_1_179' title='bbox 178 1803 237 1849; x_wconf 89' lang='lat' dir='ltr'><strong>ris</strong></span> <span class='ocrx_word' id='word_1_180' title='bbox 264 1802 371 1860; x_wconf 85' lang='lat' dir='ltr'><strong>tibi‚</strong></span> <span class='ocrx_word' id='word_1_181' title='bbox 398 1815 441 1850; x_wconf 85' lang='lat' dir='ltr'><strong>et</strong></span> <span class='ocrx_word' id='word_1_182' title='bbox 468 1804 678 1852; x_wconf 84' lang='lat' dir='ltr'><strong>virtutem</strong></span> <span class='ocrx_word' id='word_1_183' title='bbox 707 1807 1001 1865; x_wconf 82' lang='lat' dir='ltr'><strong>adamaveris,</strong></span> <span class='ocrx_word' id='word_1_184' title='bbox 1034 1805 1201 1870; x_wconf 83' lang='lat' dir='ltr'><strong>(amare</strong></span> <span class='ocrx_word' id='word_1_185' title='bbox 1227 1807 1345 1854; x_wconf 85' lang='lat' dir='ltr'><strong>enim</strong></span> <span class='ocrx_word' id='word_1_186' title='bbox 1380 1826 1459 1872; x_wconf 87' lang='lat' dir='ltr'><strong>pa·-</strong></span> 
     </span>
     <span class='ocr_line' id='line_1_24' title="bbox 178 1875 1456 1945; baseline 0.007 -25"><span class='ocrx_word' id='word_1_187' title='bbox 178 1891 274 1921; x_wconf 89' lang='lat' dir='ltr'><strong>rum</strong></span> <span class='ocrx_word' id='word_1_188' title='bbox 314 1875 411 1940; x_wconf 82' lang='lat' dir='ltr'><strong>est)</strong></span> <span class='ocrx_word' id='word_1_189' title='bbox 450 1877 667 1941; x_wconf 85' lang='lat' dir='ltr'><strong>quidquid</strong></span> <span class='ocrx_word' id='word_1_190' title='bbox 700 1879 769 1924; x_wconf 90' lang='lat' dir='ltr'><strong>illa</strong></span> <span class='ocrx_word' id='word_1_191' title='bbox 806 1879 1063 1942; x_wconf 83' lang='lat' dir='ltr'><strong>contigerit,</strong></span> <span class='ocrx_word' id='word_1_192' title='bbox 1090 1879 1135 1927; x_wconf 85' lang='lat' dir='ltr'><strong>id</strong></span> <span class='ocrx_word' id='word_1_193' title='bbox 1165 1880 1272 1940; x_wconf 85' lang='lat' dir='ltr'><strong>tibi,</strong></span> <span class='ocrx_word' id='word_1_194' title='bbox 1304 1883 1456 1945; x_wconf 84' lang='lat' dir='ltr'><strong>quale-</strong></span> 
     </span>
     <span class='ocr_line' id='line_1_25' title="bbox 180 1949 1458 2018; baseline 0.009 -24"><span class='ocrx_word' id='word_1_195' title='bbox 180 1965 352 2012; x_wconf 89' lang='lat' dir='ltr'><strong>cunque</strong></span> <span class='ocrx_word' id='word_1_196' title='bbox 386 1949 476 1996; x_wconf 87' lang='lat' dir='ltr'><strong>aliis</strong></span> <span class='ocrx_word' id='word_1_197' title='bbox 508 1951 754 2011; x_wconf 88' lang='lat' dir='ltr'><strong>videbitur,</strong></span> <span class='ocrx_word' id='word_1_198' title='bbox 794 1952 978 1999; x_wconf 76' lang='lat' dir='ltr'><strong>faustum</strong></span> <span class='ocrx_word' id='word_1_199' title='bbox 1012 1953 1212 2018; x_wconf 77' lang='lat' dir='ltr'><strong>felixque</strong></span> <span class='ocrx_word' id='word_1_200' title='bbox 1255 1957 1371 2004; x_wconf 83' lang='lat' dir='ltr'><strong>erit:</strong></span> <span class='ocrx_word' id='word_1_201' title='bbox 1412 1972 1458 2006; x_wconf 88' lang='lat' dir='ltr'><strong>et</strong></span> 
     </span>
     <span class='ocr_line' id='line_1_26' title="bbox 178 2022 1456 2091; baseline 0.009 -25"><span class='ocrx_word' id='word_1_202' title='bbox 178 2022 406 2084; x_wconf 89' lang='lat' dir='ltr'><strong>torqueri,</strong></span> <span class='ocrx_word' id='word_1_203' title='bbox 429 2022 459 2068; x_wconf 90' lang='lat' dir='ltr'>fi</span> <span class='ocrx_word' id='word_1_204' title='bbox 478 2025 618 2071; x_wconf 91' lang='lat' dir='ltr'><strong>modo</strong></span> <span class='ocrx_word' id='word_1_205' title='bbox 639 2024 817 2073; x_wconf 81' lang='lat' dir='ltr'><strong>iacueris</strong></span> <span class='ocrx_word' id='word_1_206' title='bbox 844 2026 939 2088; x_wconf 70' lang='lat' dir='ltr'><strong>ipso</strong></span> <span class='ocrx_word' id='word_1_207' title='bbox 965 2038 1198 2091; x_wconf 81' lang='lat' dir='ltr'><strong>torquente</strong></span> <span class='ocrx_word' id='word_1_208' title='bbox 1230 2030 1423 2078; x_wconf 80' lang='lat' dir='ltr'><strong>securior</strong></span> <span class='ocrx_word' id='word_1_209' title='bbox 1444 2050 1456 2080; x_wconf 71' lang='grc' dir='ltr'><em>ε</em></span> 
     </span>
     <span class='ocr_line' id='line_1_27' title="bbox 177 2095 1451 2158; baseline 0.01 -20"><span class='ocrx_word' id='word_1_210' title='bbox 177 2104 219 2138; x_wconf 85' lang='lat' dir='ltr'><strong>et</strong></span> <span class='ocrx_word' id='word_1_211' title='bbox 237 2107 484 2156; x_wconf 85' lang='lat' dir='ltr'><strong>aegrotare,</strong></span> <span class='ocrx_word' id='word_1_212' title='bbox 504 2095 534 2142; x_wconf 89' lang='lat' dir='ltr'>fi</span> <span class='ocrx_word' id='word_1_213' title='bbox 554 2112 645 2144; x_wconf 86' lang='lat' dir='ltr'><strong>non</strong></span> <span class='ocrx_word' id='word_1_214' title='bbox 667 2098 940 2146; x_wconf 76' lang='lat' dir='ltr'><strong>maledixeris</strong></span> <span class='ocrx_word' id='word_1_215' title='bbox 963 2099 1183 2158; x_wconf 67' lang='lat' dir='ltr'><strong>fortunae,</strong></span> <span class='ocrx_word' id='word_1_216' title='bbox 1204 2103 1232 2148; x_wconf 80' lang='lat' dir='ltr'><strong>fi</strong></span> <span class='ocrx_word' id='word_1_217' title='bbox 1248 2120 1338 2150; x_wconf 85' lang='lat' dir='ltr'><strong>non</strong></span> <span class='ocrx_word' id='word_1_218' title='bbox 1360 2107 1451 2151; x_wconf 85' lang='lat' dir='ltr'><strong>ces-</strong></span> 
     </span>
     <span class='ocr_line' id='line_1_28' title="bbox 178 2163 1451 2236; baseline 0.011 -27"><span class='ocrx_word' id='word_1_219' title='bbox 178 2163 278 2230; x_wconf 87' lang='lat' dir='ltr'><strong>seris</strong></span> <span class='ocrx_word' id='word_1_220' title='bbox 301 2166 474 2214; x_wconf 88' lang='lat' dir='ltr'><strong>morbo.</strong></span> <span class='ocrx_word' id='word_1_221' title='bbox 506 2169 672 2216; x_wconf 83' lang='lat' dir='ltr'><strong>Omnia</strong></span> <span class='ocrx_word' id='word_1_222' title='bbox 696 2170 884 2235; x_wconf 81' lang='lat' dir='ltr'><strong>denique</strong></span> <span class='ocrx_word' id='word_1_223' title='bbox 917 2189 1027 2236; x_wconf 83' lang='lat' dir='ltr'><strong>quae</strong></span> <span class='ocrx_word' id='word_1_224' title='bbox 1058 2175 1213 2222; x_wconf 76' lang='lat' dir='ltr'><strong>ceteris</strong></span> <span class='ocrx_word' id='word_1_225' title='bbox 1244 2171 1451 2224; x_wconf 82' lang='lat' dir='ltr'><strong>videntur</strong></span> 
     </span>
     <span class='ocr_line' id='line_1_29' title="bbox 178 2236 1453 2304; baseline 0.012 -23"><span class='ocrx_word' id='word_1_226' title='bbox 178 2236 316 2294; x_wconf 83' lang='lat' dir='ltr'><strong>mala,</strong></span> <span class='ocrx_word' id='word_1_227' title='bbox 347 2251 390 2286; x_wconf 91' lang='lat' dir='ltr'><strong>et</strong></span> <span class='ocrx_word' id='word_1_228' title='bbox 414 2239 736 2301; x_wconf 84' lang='lat' dir='ltr'><strong>mansuescent,</strong></span> <span class='ocrx_word' id='word_1_229' title='bbox 757 2259 800 2290; x_wconf 91' lang='lat' dir='ltr'><strong>et</strong></span> <span class='ocrx_word' id='word_1_230' title='bbox 828 2243 873 2289; x_wconf 85' lang='lat' dir='ltr'><strong>in</strong></span> <span class='ocrx_word' id='word_1_231' title='bbox 894 2244 1062 2291; x_wconf 86' lang='lat' dir='ltr'><strong>bonum</strong></span> <span class='ocrx_word' id='word_1_232' title='bbox 1091 2247 1296 2304; x_wconf 82' lang='lat' dir='ltr'><strong>abibunt,</strong></span> <span class='ocrx_word' id='word_1_233' title='bbox 1326 2249 1356 2294; x_wconf 85' lang='lat' dir='ltr'><strong>fi</strong></span> <span class='ocrx_word' id='word_1_234' title='bbox 1382 2249 1453 2295; x_wconf 80' lang='lat' dir='ltr'><strong>su-</strong></span> 
     </span>
     <span class='ocr_line' id='line_1_30' title="bbox 176 2310 1453 2381; baseline 0.011 -26"><span class='ocrx_word' id='word_1_235' title='bbox 176 2326 255 2371; x_wconf 84' lang='lat' dir='ltr'><strong>per</strong></span> <span class='ocrx_word' id='word_1_236' title='bbox 280 2310 350 2356; x_wconf 87' lang='lat' dir='ltr'><strong>illa</strong></span> <span class='ocrx_word' id='word_1_237' title='bbox 373 2312 615 2363; x_wconf 86' lang='lat' dir='ltr'><strong>eminueris.</strong></span> <span class='ocrx_word' id='word_1_238' title='bbox 645 2317 747 2364; x_wconf 90' lang='lat' dir='ltr'><strong>Hoc</strong></span> <span class='ocrx_word' id='word_1_239' title='bbox 777 2316 966 2381; x_wconf 76' lang='lat' dir='ltr'><strong>liqueat,</strong></span> <span class='ocrx_word' id='word_1_240' title='bbox 996 2319 1102 2366; x_wconf 87' lang='lat' dir='ltr'><strong>nihil</strong></span> <span class='ocrx_word' id='word_1_241' title='bbox 1134 2321 1219 2368; x_wconf 81' lang='lat' dir='ltr'><strong>effe</strong></span> <span class='ocrx_word' id='word_1_242' title='bbox 1249 2322 1414 2369; x_wconf 89' lang='lat' dir='ltr'><strong>bonum</strong></span> <span class='ocrx_word' id='word_1_243' title='bbox 1435 2359 1453 2381; x_wconf 90' lang='lat'><strong>,</strong></span> 
     </span>
     <span class='ocr_line' id='line_1_31' title="bbox 175 2381 1452 2440; baseline 0.011 -14"><span class='ocrx_word' id='word_1_244' title='bbox 175 2381 253 2427; x_wconf 71' lang='lat' dir='ltr'><strong>nisi</strong></span> <span class='ocrx_word' id='word_1_245' title='bbox 284 2383 512 2432; x_wconf 83' lang='lat' dir='ltr'><strong>honestum</strong></span> <span class='ocrx_word' id='word_1_246' title='bbox 533 2404 544 2433; x_wconf 91' lang='lat'>:</span> <span class='ocrx_word' id='word_1_247' title='bbox 570 2400 612 2434; x_wconf 91' lang='lat' dir='ltr'><strong>et</strong></span> <span class='ocrx_word' id='word_1_248' title='bbox 631 2389 780 2435; x_wconf 82' lang='lat' dir='ltr'><strong>omnia</strong></span> <span class='ocrx_word' id='word_1_249' title='bbox 806 2390 1094 2437; x_wconf 81' lang='lat' dir='ltr'><strong>incommoda</strong></span> <span class='ocrx_word' id='word_1_250' title='bbox 1111 2393 1200 2439; x_wconf 61' lang='lat' dir='ltr'><strong>&#39;suo</strong></span> <span class='ocrx_word' id='word_1_251' title='bbox 1219 2392 1313 2440; x_wconf 88' lang='lat' dir='ltr'><strong>iure</strong></span> <span class='ocrx_word' id='word_1_252' title='bbox 1335 2393 1452 2439; x_wconf 82' lang='lat' dir='ltr'><strong>bona</strong></span> 
     </span>
     <span class='ocr_line' id='line_1_32' title="bbox 174 2451 1450 2524; baseline 0.009 -23"><span class='ocrx_word' id='word_1_253' title='bbox 174 2451 475 2517; x_wconf 66' lang='lat' dir='ltr'><strong>Vocabuntur,</strong></span> <span class='ocrx_word' id='word_1_254' title='bbox 503 2477 616 2524; x_wconf 86' lang='lat' dir='ltr'><strong>quae</strong></span> <span class='ocrx_word' id='word_1_255' title='bbox 632 2463 782 2510; x_wconf 50' lang='lat' dir='ltr'><strong>&gt;modo</strong></span> <span class='ocrx_word' id='word_1_256' title='bbox 813 2463 952 2512; x_wconf 86' lang='lat' dir='ltr'><strong>virtus</strong></span> <span class='ocrx_word' id='word_1_257' title='bbox 978 2465 1286 2514; x_wconf 85' lang='lat' dir='ltr'><strong>honestaverit.</strong></span> <span class='ocrx_word' id='word_1_258' title='bbox 1331 2467 1450 2520; x_wconf 46' lang='lat' dir='ltr'><strong>Mus,</strong></span> 
     </span>
     <span class='ocr_line' id='line_1_33' title="bbox 174 2525 1449 2603; baseline 0.012 -31"><span class='ocrx_word' id='word_1_259' title='bbox 174 2525 228 2574; x_wconf 87' lang='lat' dir='ltr'><strong>tis</strong></span> <span class='ocrx_word' id='word_1_260' title='bbox 268 2527 471 2578; x_wconf 86' lang='lat' dir='ltr'><strong>videmur</strong></span> <span class='ocrx_word' id='word_1_261' title='bbox 510 2532 675 2580; x_wconf 89' lang='lat' dir='ltr'><strong>maiora</strong></span> <span class='ocrx_word' id='word_1_262' title='bbox 705 2536 992 2597; x_wconf 69' lang='lat' dir='ltr'><strong>promittere,</strong></span> <span class='ocrx_word' id='word_1_263' title='bbox 1023 2554 1153 2601; x_wconf 81' lang='lat' dir='ltr'><strong>quam</strong></span> <span class='ocrx_word' id='word_1_264' title='bbox 1184 2537 1338 2603; x_wconf 77' lang='lat' dir='ltr'><strong>recipit</strong></span> <span class='ocrx_word' id='word_1_265' title='bbox 1365 2540 1449 2587; x_wconf 84' lang='lat' dir='ltr'><strong>hu·</strong></span> 
     </span>
     <span class='ocr_line' id='line_1_34' title="bbox 1127 2610 1224 2656; baseline 0.01 -1"><span class='ocrx_word' id='word_1_266' title='bbox 1127 2610 1158 2655; x_wconf 86' lang='lat' dir='ltr'>P</span> <span class='ocrx_word' id='word_1_267' title='bbox 1196 2626 1224 2656; x_wconf 85' lang='lat'><em>2</em></span> 
     </span>
    </p>
   </div>
  </div>
 </body>
</html>
