<?xml version="1.0" encoding="UTF-8"?>
<!DOCTYPE html PUBLIC "-//W3C//DTD XHTML 1.0 Transitional//EN"
    "http://www.w3.org/TR/xhtml1/DTD/xhtml1-transitional.dtd">
<html xmlns="http://www.w3.org/1999/xhtml" xml:lang="en" lang="en">
 <head>
  <title>
</title>
<meta http-equiv="Content-Type" content="text/html;charset=utf-8" />
  <meta name='ocr-system' content='tesseract 3.04.00' />
  <meta name='ocr-capabilities' content='ocr_page ocr_carea ocr_par ocr_line ocrx_word'/>
</head>
<body>
  <div class='ocr_page' id='page_1' title='image "./lannaeisenecaeph03seneuoft_0203.png"; bbox 0 0 1807 3004; ppageno 0'>
   <div class='ocr_carea' id='block_1_1' title="bbox 0 0 22 2330">
    <p class='ocr_par' dir='ltr' id='par_1_1' title="bbox 0 0 22 2330">
     <span class='ocr_line' id='line_1_1' title="bbox 0 0 22 2330; baseline 0 0"><span class='ocrx_word' id='word_1_1' title='bbox 0 0 22 2330; x_wconf 95' lang='lat' dir='ltr'> </span> 
     </span>
    </p>
   </div>
   <div class='ocr_carea' id='block_1_2' title="bbox 0 2322 5 3004">
    <p class='ocr_par' dir='ltr' id='par_1_2' title="bbox 0 2322 5 3004">
     <span class='ocr_line' id='line_1_2' title="bbox 0 2322 5 3004; baseline 0 0"><span class='ocrx_word' id='word_1_2' title='bbox 0 2322 5 3004; x_wconf 95' lang='lat' dir='ltr'> </span> 
     </span>
    </p>
   </div>
   <div class='ocr_carea' id='block_1_3' title="bbox 547 193 1464 260">
    <p class='ocr_par' dir='ltr' id='par_1_3' title="bbox 547 193 1464 260">
     <span class='ocr_line' id='line_1_3' title="bbox 547 193 1464 260; baseline 0.004 -23"><span class='ocrx_word' id='word_1_3' title='bbox 547 193 1123 240; x_wconf 78' lang='lat' dir='ltr'><strong>EPISTOLAE.</strong></span> <span class='ocrx_word' id='word_1_4' title='bbox 1387 215 1464 260; x_wconf 60' lang='lat'>193</span> 
     </span>
    </p>
   </div>
   <div class='ocr_carea' id='block_1_4' title="bbox 145 298 1478 2550">
    <p class='ocr_par' dir='ltr' id='par_1_4' title="bbox 145 298 1478 2550">
     <span class='ocr_line' id='line_1_4' title="bbox 194 298 1475 364; baseline 0.001 -16"><span class='ocrx_word' id='word_1_5' title='bbox 194 302 248 348; x_wconf 89' lang='lat' dir='ltr'>ad</span> <span class='ocrx_word' id='word_1_6' title='bbox 279 301 348 348; x_wconf 88' lang='lat' dir='ltr'>illa</span> <span class='ocrx_word' id='word_1_7' title='bbox 374 315 564 364; x_wconf 88' lang='lat' dir='ltr'>quorum</span> <span class='ocrx_word' id='word_1_8' title='bbox 590 298 685 347; x_wconf 86' lang='lat' dir='ltr'>fuit.</span> <span class='ocrx_word' id='word_1_9' title='bbox 728 301 841 345; x_wconf 87' lang='lat' dir='ltr'>Nam</span> <span class='ocrx_word' id='word_1_10' title='bbox 867 315 1030 361; x_wconf 80' lang='lat' dir='ltr'>corpus</span> <span class='ocrx_word' id='word_1_11' title='bbox 1055 300 1170 357; x_wconf 85' lang='lat' dir='ltr'>hoc,</span> <span class='ocrx_word' id='word_1_12' title='bbox 1201 298 1334 345; x_wconf 88' lang='lat' dir='ltr'>animi</span> <span class='ocrx_word' id='word_1_13' title='bbox 1360 318 1475 363; x_wconf 86' lang='lat' dir='ltr'>pon-</span> 
     </span>
     <span class='ocr_line' id='line_1_5' title="bbox 193 370 1477 436; baseline 0 -16"><span class='ocrx_word' id='word_1_14' title='bbox 193 375 272 420; x_wconf 88' lang='lat' dir='ltr'>dus</span> <span class='ocrx_word' id='word_1_15' title='bbox 299 391 348 420; x_wconf 88' lang='lat' dir='ltr'>ac</span> <span class='ocrx_word' id='word_1_16' title='bbox 374 387 519 436; x_wconf 86' lang='lat' dir='ltr'>poena</span> <span class='ocrx_word' id='word_1_17' title='bbox 549 370 609 418; x_wconf 87' lang='lat' dir='ltr'>est</span> <span class='ocrx_word' id='word_1_18' title='bbox 633 390 642 417; x_wconf 92' lang='lat'><strong>:</strong></span> <span class='ocrx_word' id='word_1_19' title='bbox 665 383 888 434; x_wconf 84' lang='lat' dir='ltr'><strong>premente</strong></span> <span class='ocrx_word' id='word_1_20' title='bbox 912 370 990 418; x_wconf 88' lang='lat' dir='ltr'>illo</span> <span class='ocrx_word' id='word_1_21' title='bbox 1021 383 1224 435; x_wconf 87' lang='lat' dir='ltr'>urgetur,</span> <span class='ocrx_word' id='word_1_22' title='bbox 1252 372 1297 418; x_wconf 91' lang='lat' dir='ltr'>in</span> <span class='ocrx_word' id='word_1_23' title='bbox 1322 373 1477 420; x_wconf 85' lang='lat' dir='ltr'>vincu-</span> 
     </span>
     <span class='ocr_line' id='line_1_6' title="bbox 191 443 1476 507; baseline 0 -14"><span class='ocrx_word' id='word_1_24' title='bbox 191 447 242 493; x_wconf 86' lang='lat' dir='ltr'>lis</span> <span class='ocrx_word' id='word_1_25' title='bbox 269 445 356 501; x_wconf 88' lang='lat' dir='ltr'>est,</span> <span class='ocrx_word' id='word_1_26' title='bbox 385 444 461 490; x_wconf 89' lang='lat' dir='ltr'>nifi</span> <span class='ocrx_word' id='word_1_27' title='bbox 492 443 663 491; x_wconf 83' lang='lat' dir='ltr'>acceffit</span> <span class='ocrx_word' id='word_1_28' title='bbox 696 443 1006 506; x_wconf 77' lang='lat' dir='ltr'>philosophia:</span> <span class='ocrx_word' id='word_1_29' title='bbox 1043 457 1086 491; x_wconf 91' lang='lat' dir='ltr'>et</span> <span class='ocrx_word' id='word_1_30' title='bbox 1117 444 1236 491; x_wconf 90' lang='lat' dir='ltr'>illum</span> <span class='ocrx_word' id='word_1_31' title='bbox 1267 445 1476 507; x_wconf 87' lang='lat' dir='ltr'>respirare</span> 
     </span>
     <span class='ocr_line' id='line_1_7' title="bbox 193 518 1476 581; baseline -0.002 -15"><span class='ocrx_word' id='word_1_32' title='bbox 193 537 341 567; x_wconf 88' lang='lat' dir='ltr'>rerum</span> <span class='ocrx_word' id='word_1_33' title='bbox 370 530 543 566; x_wconf 87' lang='lat' dir='ltr'>naturae</span> <span class='ocrx_word' id='word_1_34' title='bbox 568 519 810 581; x_wconf 63' lang='lat' dir='ltr'>spectaculo</span> <span class='ocrx_word' id='word_1_35' title='bbox 839 519 980 576; x_wconf 82' lang='lat' dir='ltr'>iuffit,</span> <span class='ocrx_word' id='word_1_36' title='bbox 1006 530 1048 564; x_wconf 90' lang='lat' dir='ltr'>et</span> <span class='ocrx_word' id='word_1_37' title='bbox 1082 535 1106 565; x_wconf 87' lang='lat' dir='ltr'>a</span> <span class='ocrx_word' id='word_1_38' title='bbox 1132 518 1313 565; x_wconf 87' lang='lat' dir='ltr'>terrenis</span> <span class='ocrx_word' id='word_1_39' title='bbox 1340 518 1476 565; x_wconf 84' lang='lat' dir='ltr'>dimi-</span> 
     </span>
     <span class='ocr_line' id='line_1_8' title="bbox 192 589 1478 654; baseline 0.001 -17"><span class='ocrx_word' id='word_1_40' title='bbox 192 592 241 638; x_wconf 83' lang='lat' dir='ltr'>fit</span> <span class='ocrx_word' id='word_1_41' title='bbox 270 591 324 637; x_wconf 92' lang='lat' dir='ltr'>ad</span> <span class='ocrx_word' id='word_1_42' title='bbox 351 591 517 638; x_wconf 88' lang='lat' dir='ltr'>divina.</span> <span class='ocrx_word' id='word_1_43' title='bbox 543 591 664 638; x_wconf 88' lang='lat' dir='ltr'>Haec</span> <span class='ocrx_word' id='word_1_44' title='bbox 690 591 863 638; x_wconf 86' lang='lat' dir='ltr'>libertas</span> <span class='ocrx_word' id='word_1_45' title='bbox 888 589 979 637; x_wconf 86' lang='lat' dir='ltr'>eius</span> <span class='ocrx_word' id='word_1_46' title='bbox 1003 590 1088 649; x_wconf 88' lang='lat' dir='ltr'>est,</span> <span class='ocrx_word' id='word_1_47' title='bbox 1110 591 1216 637; x_wconf 86' lang='lat' dir='ltr'>haec</span> <span class='ocrx_word' id='word_1_48' title='bbox 1239 592 1442 654; x_wconf 83' lang='lat' dir='ltr'>evagatio</span> <span class='ocrx_word' id='word_1_49' title='bbox 1463 608 1478 638; x_wconf 74' lang='grc' dir='ltr'><strong><em>ε</em></strong></span> 
     </span>
     <span class='ocr_line' id='line_1_9' title="bbox 192 662 1474 726; baseline 0.004 -18"><span class='ocrx_word' id='word_1_50' title='bbox 192 662 394 710; x_wconf 84' lang='lat' dir='ltr'>subducit</span> <span class='ocrx_word' id='word_1_51' title='bbox 413 662 587 709; x_wconf 85' lang='lat' dir='ltr'><strong>interim</strong></span> <span class='ocrx_word' id='word_1_52' title='bbox 609 663 650 709; x_wconf 90' lang='lat' dir='ltr'>se</span> <span class='ocrx_word' id='word_1_53' title='bbox 668 663 890 709; x_wconf 88' lang='lat' dir='ltr'>custodiae</span> <span class='ocrx_word' id='word_1_54' title='bbox 912 663 955 709; x_wconf 94' lang='lat' dir='ltr'>in</span> <span class='ocrx_word' id='word_1_55' title='bbox 972 679 1057 726; x_wconf 89' lang='lat' dir='ltr'>qua</span> <span class='ocrx_word' id='word_1_56' title='bbox 1083 675 1257 710; x_wconf 88' lang='lat' dir='ltr'>tenetur</span> <span class='ocrx_word' id='word_1_57' title='bbox 1271 699 1287 721; x_wconf 90' lang='lat'><strong><em>,</em></strong></span> <span class='ocrx_word' id='word_1_58' title='bbox 1305 677 1348 712; x_wconf 87' lang='lat' dir='ltr'>et</span> <span class='ocrx_word' id='word_1_59' title='bbox 1367 680 1474 713; x_wconf 88' lang='lat' dir='ltr'>coe-</span> 
     </span>
     <span class='ocr_line' id='line_1_10' title="bbox 189 735 1472 797; baseline 0.003 -16"><span class='ocrx_word' id='word_1_60' title='bbox 189 737 237 781; x_wconf 82' lang='lat' dir='ltr'>lo</span> <span class='ocrx_word' id='word_1_61' title='bbox 263 736 469 783; x_wconf 83' lang='lat' dir='ltr'>reficitur.</span> <span class='ocrx_word' id='word_1_62' title='bbox 502 737 895 797; x_wconf 83' lang='lat' dir='ltr'>Quemadmodum</span> <span class='ocrx_word' id='word_1_63' title='bbox 920 735 1105 785; x_wconf 83' lang='lat' dir='ltr'>artifices</span> <span class='ocrx_word' id='word_1_64' title='bbox 1129 754 1185 783; x_wconf 83' lang='lat' dir='ltr'>ex</span> <span class='ocrx_word' id='word_1_65' title='bbox 1210 737 1388 785; x_wconf 83' lang='lat' dir='ltr'>alicuius</span> <span class='ocrx_word' id='word_1_66' title='bbox 1406 738 1472 786; x_wconf 83' lang='lat' dir='ltr'>rei</span> 
     </span>
     <span class='ocr_line' id='line_1_11' title="bbox 190 808 1476 873; baseline 0.003 -19"><span class='ocrx_word' id='word_1_67' title='bbox 190 809 429 856; x_wconf 80' lang='lat' dir='ltr'>subtilioris</span> <span class='ocrx_word' id='word_1_68' title='bbox 451 808 721 867; x_wconf 83' lang='lat' dir='ltr'>intentione,</span> <span class='ocrx_word' id='word_1_69' title='bbox 751 826 861 873; x_wconf 87' lang='lat' dir='ltr'>quae</span> <span class='ocrx_word' id='word_1_70' title='bbox 886 810 1042 857; x_wconf 81' lang='lat' dir='ltr'>oculos</span> <span class='ocrx_word' id='word_1_71' title='bbox 1068 809 1299 873; x_wconf 84' lang='lat' dir='ltr'>defatigat,</span> <span class='ocrx_word' id='word_1_72' title='bbox 1320 810 1349 855; x_wconf 84' lang='lat' dir='ltr'><strong>fi</strong></span> <span class='ocrx_word' id='word_1_73' title='bbox 1381 827 1476 858; x_wconf 87' lang='lat' dir='ltr'>rna-</span> 
     </span>
     <span class='ocr_line' id='line_1_12' title="bbox 190 880 1475 943; baseline 0.005 -19"><span class='ocrx_word' id='word_1_74' title='bbox 190 880 358 943; x_wconf 84' lang='lat' dir='ltr'>lignum</span> <span class='ocrx_word' id='word_1_75' title='bbox 390 892 433 927; x_wconf 93' lang='lat' dir='ltr'>et</span> <span class='ocrx_word' id='word_1_76' title='bbox 478 880 724 942; x_wconf 86' lang='lat' dir='ltr'>precarium</span> <span class='ocrx_word' id='word_1_77' title='bbox 760 880 908 927; x_wconf 90' lang='lat' dir='ltr'>lumen</span> <span class='ocrx_word' id='word_1_78' title='bbox 939 881 1131 938; x_wconf 81' lang='lat' dir='ltr'>habent,</span> <span class='ocrx_word' id='word_1_79' title='bbox 1168 881 1212 926; x_wconf 91' lang='lat' dir='ltr'>in</span> <span class='ocrx_word' id='word_1_80' title='bbox 1250 881 1475 943; x_wconf 87' lang='lat' dir='ltr'>publicum</span> 
     </span>
     <span class='ocr_line' id='line_1_13' title="bbox 191 951 1474 1015; baseline 0.002 -19"><span class='ocrx_word' id='word_1_81' title='bbox 191 952 435 1013; x_wconf 83' lang='lat' dir='ltr'>prodeunt,</span> <span class='ocrx_word' id='word_1_82' title='bbox 460 964 503 998; x_wconf 88' lang='lat' dir='ltr'>et</span> <span class='ocrx_word' id='word_1_83' title='bbox 527 952 571 997; x_wconf 89' lang='lat' dir='ltr'>in</span> <span class='ocrx_word' id='word_1_84' title='bbox 597 952 740 1015; x_wconf 84' lang='lat' dir='ltr'>aliqua</span> <span class='ocrx_word' id='word_1_85' title='bbox 767 951 948 1014; x_wconf 84' lang='lat' dir='ltr'>regione</span> <span class='ocrx_word' id='word_1_86' title='bbox 974 951 1026 997; x_wconf 88' lang='lat' dir='ltr'>ad</span> <span class='ocrx_word' id='word_1_87' title='bbox 1047 951 1201 1014; x_wconf 91' lang='lat' dir='ltr'>populi</span> <span class='ocrx_word' id='word_1_88' title='bbox 1228 951 1372 999; x_wconf 88' lang='lat' dir='ltr'>otium</span> <span class='ocrx_word' id='word_1_89' title='bbox 1396 953 1474 1000; x_wconf 87' lang='lat' dir='ltr'>de-</span> 
     </span>
     <span class='ocr_line' id='line_1_14' title="bbox 189 1022 1473 1073; baseline 0.004 -5"><span class='ocrx_word' id='word_1_90' title='bbox 189 1023 330 1070; x_wconf 82' lang='lat' dir='ltr'>dicata</span> <span class='ocrx_word' id='word_1_91' title='bbox 354 1022 510 1070; x_wconf 81' lang='lat' dir='ltr'>oculos</span> <span class='ocrx_word' id='word_1_92' title='bbox 527 1022 661 1069; x_wconf 87' lang='lat' dir='ltr'>libera</span> <span class='ocrx_word' id='word_1_93' title='bbox 678 1023 775 1070; x_wconf 91' lang='lat' dir='ltr'>luce</span> <span class='ocrx_word' id='word_1_94' title='bbox 797 1023 1008 1071; x_wconf 58' lang='lat' dir='ltr'>delectant</span> <span class='ocrx_word' id='word_1_95' title='bbox 1028 1041 1039 1069; x_wconf 89' lang='lat'>:</span> <span class='ocrx_word' id='word_1_96' title='bbox 1061 1023 1117 1072; x_wconf 87' lang='lat' dir='ltr'>fic</span> <span class='ocrx_word' id='word_1_97' title='bbox 1135 1023 1303 1071; x_wconf 87' lang='lat' dir='ltr'>animus</span> <span class='ocrx_word' id='word_1_98' title='bbox 1320 1024 1364 1071; x_wconf 89' lang='lat' dir='ltr'>in</span> <span class='ocrx_word' id='word_1_99' title='bbox 1383 1025 1473 1073; x_wconf 88' lang='lat' dir='ltr'>hoc</span> 
     </span>
     <span class='ocr_line' id='line_1_15' title="bbox 189 1093 1471 1160; baseline 0.002 -19"><span class='ocrx_word' id='word_1_100' title='bbox 189 1095 295 1142; x_wconf 82' lang='lat' dir='ltr'>tristi</span> <span class='ocrx_word' id='word_1_101' title='bbox 320 1107 364 1141; x_wconf 89' lang='lat' dir='ltr'>et</span> <span class='ocrx_word' id='word_1_102' title='bbox 393 1093 586 1141; x_wconf 91' lang='lat' dir='ltr'>obscuro</span> <span class='ocrx_word' id='word_1_103' title='bbox 617 1094 849 1142; x_wconf 90' lang='lat' dir='ltr'>domicilio</span> <span class='ocrx_word' id='word_1_104' title='bbox 884 1095 1048 1156; x_wconf 88' lang='lat' dir='ltr'>clusus,</span> <span class='ocrx_word' id='word_1_105' title='bbox 1079 1096 1257 1160; x_wconf 86' lang='lat' dir='ltr'>quoties</span> <span class='ocrx_word' id='word_1_106' title='bbox 1295 1098 1436 1160; x_wconf 83' lang='lat' dir='ltr'>potest</span> <span class='ocrx_word' id='word_1_107' title='bbox 1454 1133 1471 1156; x_wconf 90' lang='lat'>,</span> 
     </span>
     <span class='ocr_line' id='line_1_16' title="bbox 187 1167 1468 1231; baseline 0.004 -19"><span class='ocrx_word' id='word_1_108' title='bbox 187 1182 390 1230; x_wconf 85' lang='lat' dir='ltr'>apertum</span> <span class='ocrx_word' id='word_1_109' title='bbox 418 1167 550 1230; x_wconf 88' lang='lat' dir='ltr'>petit,</span> <span class='ocrx_word' id='word_1_110' title='bbox 572 1179 615 1217; x_wconf 85' lang='lat' dir='ltr'>et</span> <span class='ocrx_word' id='word_1_111' title='bbox 640 1168 686 1214; x_wconf 91' lang='lat' dir='ltr'>in</span> <span class='ocrx_word' id='word_1_112' title='bbox 715 1184 864 1215; x_wconf 89' lang='lat' dir='ltr'>rerum</span> <span class='ocrx_word' id='word_1_113' title='bbox 891 1179 1066 1216; x_wconf 86' lang='lat' dir='ltr'>naturae</span> <span class='ocrx_word' id='word_1_114' title='bbox 1092 1170 1468 1231; x_wconf 82' lang='lat' dir='ltr'>contemplatione</span> 
     </span>
     <span class='ocr_line' id='line_1_17' title="bbox 186 1240 1466 1305; baseline 0.003 -19"><span class='ocrx_word' id='word_1_115' title='bbox 186 1240 424 1303; x_wconf 86' lang='lat' dir='ltr'>requiescit.</span> <span class='ocrx_word' id='word_1_116' title='bbox 455 1241 632 1304; x_wconf 83' lang='lat' dir='ltr'>Sapiens</span> <span class='ocrx_word' id='word_1_117' title='bbox 665 1241 979 1305; x_wconf 67' lang='lat' dir='ltr'>affeflatorque</span> <span class='ocrx_word' id='word_1_118' title='bbox 1005 1241 1235 1305; x_wconf 86' lang='lat' dir='ltr'>sapientiae</span> <span class='ocrx_word' id='word_1_119' title='bbox 1265 1244 1466 1290; x_wconf 83' lang='lat' dir='ltr'>adhaeret</span> 
     </span>
     <span class='ocr_line' id='line_1_18' title="bbox 187 1312 1469 1378; baseline 0.005 -20"><span class='ocrx_word' id='word_1_120' title='bbox 187 1313 364 1376; x_wconf 82' lang='lat' dir='ltr'>quidem</span> <span class='ocrx_word' id='word_1_121' title='bbox 388 1312 433 1358; x_wconf 90' lang='lat' dir='ltr'>in</span> <span class='ocrx_word' id='word_1_122' title='bbox 462 1328 652 1375; x_wconf 81' lang='lat' dir='ltr'>corpore</span> <span class='ocrx_word' id='word_1_123' title='bbox 681 1313 787 1371; x_wconf 90' lang='lat' dir='ltr'>suo,</span> <span class='ocrx_word' id='word_1_124' title='bbox 805 1313 876 1360; x_wconf 90' lang='lat' dir='ltr'>sed</span> <span class='ocrx_word' id='word_1_125' title='bbox 899 1313 1066 1376; x_wconf 82' lang='lat' dir='ltr'>optima</span> <span class='ocrx_word' id='word_1_126' title='bbox 1086 1313 1148 1361; x_wconf 91' lang='lat' dir='ltr'>sui</span> <span class='ocrx_word' id='word_1_127' title='bbox 1175 1327 1296 1378; x_wconf 87' lang='lat' dir='ltr'>parte</span> <span class='ocrx_word' id='word_1_128' title='bbox 1319 1315 1469 1376; x_wconf 75' lang='lat' dir='ltr'>abest‚&#39;</span> 
     </span>
     <span class='ocr_line' id='line_1_19' title="bbox 187 1385 1468 1449; baseline 0.005 -17"><span class='ocrx_word' id='word_1_129' title='bbox 187 1401 230 1432; x_wconf 87' lang='lat' dir='ltr'>et</span> <span class='ocrx_word' id='word_1_130' title='bbox 249 1385 535 1449; x_wconf 88' lang='lat' dir='ltr'>cogitationes</span> <span class='ocrx_word' id='word_1_131' title='bbox 557 1386 648 1433; x_wconf 87' lang='lat' dir='ltr'>suas</span> <span class='ocrx_word' id='word_1_132' title='bbox 671 1387 726 1432; x_wconf 89' lang='lat' dir='ltr'>ad</span> <span class='ocrx_word' id='word_1_133' title='bbox 751 1388 948 1435; x_wconf 87' lang='lat' dir='ltr'>sublimia</span> <span class='ocrx_word' id='word_1_134' title='bbox 967 1388 1183 1448; x_wconf 85' lang='lat' dir='ltr'>intendit,</span> <span class='ocrx_word' id='word_1_135' title='bbox 1200 1402 1244 1438; x_wconf 90' lang='lat' dir='ltr'>et</span> <span class='ocrx_word' id='word_1_136' title='bbox 1265 1391 1384 1439; x_wconf 86' lang='lat' dir='ltr'>velut</span> <span class='ocrx_word' id='word_1_137' title='bbox 1403 1392 1468 1439; x_wconf 79' lang='lat' dir='ltr'>sa-</span> 
     </span>
     <span class='ocr_line' id='line_1_20' title="bbox 188 1458 1468 1526; baseline 0.005 -22"><span class='ocrx_word' id='word_1_138' title='bbox 188 1471 412 1505; x_wconf 83' lang='lat' dir='ltr'>cramento</span> <span class='ocrx_word' id='word_1_139' title='bbox 436 1468 638 1520; x_wconf 85' lang='lat' dir='ltr'>rogatus,</span> <span class='ocrx_word' id='word_1_140' title='bbox 670 1458 757 1505; x_wconf 91' lang='lat' dir='ltr'>hoc</span> <span class='ocrx_word' id='word_1_141' title='bbox 789 1460 911 1522; x_wconf 90' lang='lat' dir='ltr'>quod</span> <span class='ocrx_word' id='word_1_142' title='bbox 939 1459 1083 1520; x_wconf 82' lang='lat' dir='ltr'>vivit,</span> <span class='ocrx_word' id='word_1_143' title='bbox 1105 1459 1370 1524; x_wconf 86' lang='lat' dir='ltr'>stipendium</span> <span class='ocrx_word' id='word_1_144' title='bbox 1391 1473 1468 1526; x_wconf 88' lang='lat' dir='ltr'>pu-</span> 
     </span>
     <span class='ocr_line' id='line_1_21' title="bbox 186 1533 1466 1596; baseline 0.004 -16"><span class='ocrx_word' id='word_1_145' title='bbox 186 1545 247 1580; x_wconf 87' lang='lat' dir='ltr'>tat</span> <span class='ocrx_word' id='word_1_146' title='bbox 268 1552 278 1580; x_wconf 91' lang='lat'>:</span> <span class='ocrx_word' id='word_1_147' title='bbox 301 1548 344 1581; x_wconf 90' lang='lat' dir='ltr'>et</span> <span class='ocrx_word' id='word_1_148' title='bbox 370 1534 430 1581; x_wconf 85' lang='lat' dir='ltr'>ita</span> <span class='ocrx_word' id='word_1_149' title='bbox 446 1533 659 1580; x_wconf 87' lang='lat' dir='ltr'>formatus</span> <span class='ocrx_word' id='word_1_150' title='bbox 675 1533 762 1591; x_wconf 86' lang='lat' dir='ltr'>est,</span> <span class='ocrx_word' id='word_1_151' title='bbox 797 1549 846 1582; x_wconf 88' lang='lat' dir='ltr'>ut</span> <span class='ocrx_word' id='word_1_152' title='bbox 872 1535 933 1582; x_wconf 87' lang='lat' dir='ltr'>illi</span> <span class='ocrx_word' id='word_1_153' title='bbox 965 1553 1046 1584; x_wconf 91' lang='lat' dir='ltr'>nec</span> <span class='ocrx_word' id='word_1_154' title='bbox 1063 1552 1189 1583; x_wconf 91' lang='lat' dir='ltr'>amor</span> <span class='ocrx_word' id='word_1_155' title='bbox 1210 1537 1351 1596; x_wconf 84' lang='lat' dir='ltr'>vitae,</span> <span class='ocrx_word' id='word_1_156' title='bbox 1386 1555 1466 1585; x_wconf 80' lang='lat' dir='ltr'>nec</span> 
     </span>
     <span class='ocr_line' id='line_1_22' title="bbox 186 1606 1466 1672; baseline 0.002 -19"><span class='ocrx_word' id='word_1_157' title='bbox 186 1607 339 1654; x_wconf 85' lang='lat' dir='ltr'>odium</span> <span class='ocrx_word' id='word_1_158' title='bbox 370 1607 447 1665; x_wconf 92' lang='lat' dir='ltr'>s1t,</span> <span class='ocrx_word' id='word_1_159' title='bbox 482 1606 730 1671; x_wconf 81' lang='lat' dir='ltr'>patiturque</span> <span class='ocrx_word' id='word_1_160' title='bbox 753 1608 984 1667; x_wconf 85' lang='lat' dir='ltr'>mortalia,</span> <span class='ocrx_word' id='word_1_161' title='bbox 1014 1608 1220 1672; x_wconf 87' lang='lat' dir='ltr'>quamvis</span> <span class='ocrx_word' id='word_1_162' title='bbox 1243 1609 1348 1657; x_wconf 81' lang='lat' dir='ltr'>sciat</span> <span class='ocrx_word' id='word_1_163' title='bbox 1369 1626 1466 1657; x_wconf 87' lang='lat' dir='ltr'>am-</span> 
     </span>
     <span class='ocr_line' id='line_1_23' title="bbox 186 1680 1465 1746; baseline 0.004 -21"><span class='ocrx_word' id='word_1_164' title='bbox 186 1681 326 1741; x_wconf 86' lang='lat' dir='ltr'>pliora</span> <span class='ocrx_word' id='word_1_165' title='bbox 355 1680 580 1744; x_wconf 78' lang='lat' dir='ltr'>superesse.</span> <span class='ocrx_word' id='word_1_166' title='bbox 621 1682 858 1729; x_wconf 81' lang='lat' dir='ltr'>Interdices</span> <span class='ocrx_word' id='word_1_167' title='bbox 885 1682 996 1728; x_wconf 84' lang='lat' dir='ltr'>mihi</span> <span class='ocrx_word' id='word_1_168' title='bbox 1024 1681 1289 1746; x_wconf 57' lang='lat' dir='ltr'>inspectione</span> <span class='ocrx_word' id='word_1_169' title='bbox 1320 1700 1465 1731; x_wconf 86' lang='lat' dir='ltr'>rerum</span> 
     </span>
     <span class='ocr_line' id='line_1_24' title="bbox 187 1754 1465 1820; baseline 0.004 -21"><span class='ocrx_word' id='word_1_170' title='bbox 187 1765 382 1813; x_wconf 86' lang='lat' dir='ltr'>naturae,</span> <span class='ocrx_word' id='word_1_171' title='bbox 411 1771 460 1802; x_wconf 87' lang='lat' dir='ltr'>ac</span> <span class='ocrx_word' id='word_1_172' title='bbox 487 1766 585 1802; x_wconf 91' lang='lat' dir='ltr'>toto</span> <span class='ocrx_word' id='word_1_173' title='bbox 613 1754 846 1802; x_wconf 71' lang='lat' dir='ltr'>abduaestum</span> <span class='ocrx_word' id='word_1_174' title='bbox 867 1755 1037 1819; x_wconf 86' lang='lat' dir='ltr'>rediges</span> <span class='ocrx_word' id='word_1_175' title='bbox 1062 1756 1108 1804; x_wconf 88' lang='lat' dir='ltr'>in</span> <span class='ocrx_word' id='word_1_176' title='bbox 1134 1756 1336 1819; x_wconf 79' lang='lat' dir='ltr'>partem?</span> <span class='ocrx_word' id='word_1_177' title='bbox 1366 1759 1465 1820; x_wconf 84' lang='lat' dir='ltr'>Ego</span> 
     </span>
     <span class='ocr_line' id='line_1_25' title="bbox 186 1826 1465 1893; baseline 0.004 -21"><span class='ocrx_word' id='word_1_178' title='bbox 186 1843 276 1873; x_wconf 91' lang='lat' dir='ltr'>non</span> <span class='ocrx_word' id='word_1_179' title='bbox 311 1843 542 1891; x_wconf 86' lang='lat' dir='ltr'>quaeram,</span> <span class='ocrx_word' id='word_1_180' title='bbox 577 1844 690 1891; x_wconf 90' lang='lat' dir='ltr'>quae</span> <span class='ocrx_word' id='word_1_181' title='bbox 726 1827 806 1892; x_wconf 66' lang='lat' dir='ltr'>sint</span> <span class='ocrx_word' id='word_1_182' title='bbox 835 1827 958 1873; x_wconf 84' lang='lat' dir='ltr'>initia</span> <span class='ocrx_word' id='word_1_183' title='bbox 990 1826 1333 1888; x_wconf 86' lang='lat' dir='ltr'>universorum,</span> <span class='ocrx_word' id='word_1_184' title='bbox 1366 1831 1465 1893; x_wconf 85' lang='lat' dir='ltr'>quis</span> 
     </span>
     <span class='ocr_line' id='line_1_26' title="bbox 145 1902 1462 1966; baseline 0.003 -18"><span class='ocrx_word' id='word_1_185' title='bbox 145 1920 163 1925; x_wconf 73' lang='grc'>’·</span> <span class='ocrx_word' id='word_1_186' title='bbox 186 1918 331 1948; x_wconf 86' lang='lat' dir='ltr'>rerum</span> <span class='ocrx_word' id='word_1_187' title='bbox 359 1902 601 1958; x_wconf 86' lang='lat' dir='ltr'>formator,</span> <span class='ocrx_word' id='word_1_188' title='bbox 629 1902 727 1966; x_wconf 89' lang='lat' dir='ltr'>quis</span> <span class='ocrx_word' id='word_1_189' title='bbox 755 1902 905 1949; x_wconf 88' lang='lat' dir='ltr'>omnia</span> <span class='ocrx_word' id='word_1_190' title='bbox 936 1902 981 1948; x_wconf 91' lang='lat' dir='ltr'>in</span> <span class='ocrx_word' id='word_1_191' title='bbox 1011 1919 1100 1949; x_wconf 89' lang='lat' dir='ltr'>una</span> <span class='ocrx_word' id='word_1_192' title='bbox 1132 1903 1265 1951; x_wconf 83' lang='lat' dir='ltr'>maffa</span> <span class='ocrx_word' id='word_1_193' title='bbox 1293 1916 1335 1951; x_wconf 90' lang='lat' dir='ltr'>et</span> <span class='ocrx_word' id='word_1_194' title='bbox 1366 1920 1462 1952; x_wconf 85' lang='lat' dir='ltr'>ma-</span> 
     </span>
     <span class='ocr_line' id='line_1_27' title="bbox 187 1975 1460 2043; baseline 0.002 -20"><span class='ocrx_word' id='word_1_195' title='bbox 187 1976 292 2024; x_wconf 75' lang='lat' dir='ltr'>teria</span> <span class='ocrx_word' id='word_1_196' title='bbox 324 1977 450 2024; x_wconf 88' lang='lat' dir='ltr'>inerti</span> <span class='ocrx_word' id='word_1_197' title='bbox 480 1978 720 2025; x_wconf 85' lang='lat' dir='ltr'>convoluta</span> <span class='ocrx_word' id='word_1_198' title='bbox 754 1975 1034 2025; x_wconf 81' lang='lat' dir='ltr'>discreverit?</span> <span class='ocrx_word' id='word_1_199' title='bbox 1077 1977 1186 2025; x_wconf 90' lang='lat' dir='ltr'>Non</span> <span class='ocrx_word' id='word_1_200' title='bbox 1220 1995 1426 2043; x_wconf 86' lang='lat' dir='ltr'>quaeram</span> <span class='ocrx_word' id='word_1_201' title='bbox 1445 2010 1460 2034; x_wconf 91' lang='lat'><em>‚</em></span> 
     </span>
     <span class='ocr_line' id='line_1_28' title="bbox 186 2050 1461 2115; baseline 0.003 -19"><span class='ocrx_word' id='word_1_202' title='bbox 186 2050 283 2113; x_wconf 85' lang='lat' dir='ltr'>quis</span> <span class='ocrx_word' id='word_1_203' title='bbox 314 2050 361 2096; x_wconf 79' lang='lat' dir='ltr'>sit</span> <span class='ocrx_word' id='word_1_204' title='bbox 379 2050 535 2099; x_wconf 86' lang='lat' dir='ltr'>artifex</span> <span class='ocrx_word' id='word_1_205' title='bbox 559 2050 686 2098; x_wconf 89' lang='lat' dir='ltr'>huius</span> <span class='ocrx_word' id='word_1_206' title='bbox 712 2050 899 2098; x_wconf 77' lang='lat' dir='ltr'>mundi?</span> <span class='ocrx_word' id='word_1_207' title='bbox 919 2067 1004 2115; x_wconf 85' lang='lat' dir='ltr'>qua</span> <span class='ocrx_word' id='word_1_208' title='bbox 1030 2051 1204 2098; x_wconf 83' lang='lat' dir='ltr'>ratione</span> <span class='ocrx_word' id='word_1_209' title='bbox 1230 2064 1348 2100; x_wconf 87' lang='lat' dir='ltr'>tanta</span> <span class='ocrx_word' id='word_1_210' title='bbox 1363 2069 1461 2100; x_wconf 87' lang='lat' dir='ltr'>ma-</span> 
     </span>
     <span class='ocr_line' id='line_1_29' title="bbox 187 2119 1471 2188; baseline 0.004 -21"><span class='ocrx_word' id='word_1_211' title='bbox 187 2121 372 2184; x_wconf 84' lang='lat' dir='ltr'>gnitudo</span> <span class='ocrx_word' id='word_1_212' title='bbox 396 2123 440 2168; x_wconf 89' lang='lat' dir='ltr'>in</span> <span class='ocrx_word' id='word_1_213' title='bbox 470 2123 609 2186; x_wconf 88' lang='lat' dir='ltr'>legem</span> <span class='ocrx_word' id='word_1_214' title='bbox 642 2134 684 2169; x_wconf 90' lang='lat' dir='ltr'>et</span> <span class='ocrx_word' id='word_1_215' title='bbox 716 2121 918 2169; x_wconf 85' lang='lat' dir='ltr'>ordinem</span> <span class='ocrx_word' id='word_1_216' title='bbox 954 2121 1161 2171; x_wconf 84' lang='lat' dir='ltr'>venerit?</span> <span class='ocrx_word' id='word_1_217' title='bbox 1194 2124 1300 2187; x_wconf 14' lang='lat' dir='ltr'>quis&gt;</span> <span class='ocrx_word' id='word_1_218' title='bbox 1322 2119 1471 2188; x_wconf 45' lang='lat' dir='ltr'>sparsa‘</span> 
     </span>
     <span class='ocr_line' id='line_1_30' title="bbox 186 2192 1461 2257; baseline 0.002 -16"><span class='ocrx_word' id='word_1_219' title='bbox 186 2194 443 2257; x_wconf 86' lang='lat' dir='ltr'>collegerit,</span> <span class='ocrx_word' id='word_1_220' title='bbox 470 2194 651 2241; x_wconf 87' lang='lat' dir='ltr'>confusa</span> <span class='ocrx_word' id='word_1_221' title='bbox 685 2194 953 2252; x_wconf 85' lang='lat' dir='ltr'>distinxerit,</span> <span class='ocrx_word' id='word_1_222' title='bbox 982 2192 1029 2242; x_wconf 88' lang='lat' dir='ltr'>in</span> <span class='ocrx_word' id='word_1_223' title='bbox 1060 2211 1145 2242; x_wconf 84' lang='lat' dir='ltr'>una</span> <span class='ocrx_word' id='word_1_224' title='bbox 1173 2196 1461 2245; x_wconf 71' lang='lat' dir='ltr'>‘deformitate</span> 
     </span>
     <span class='ocr_line' id='line_1_31' title="bbox 185 2264 1460 2317; baseline 0.005 -7"><span class='ocrx_word' id='word_1_225' title='bbox 185 2265 415 2312; x_wconf 84' lang='lat' dir='ltr'>latentibus</span> <span class='ocrx_word' id='word_1_226' title='bbox 433 2264 588 2313; x_wconf 89' lang='lat' dir='ltr'>faciem</span> <span class='ocrx_word' id='word_1_227' title='bbox 611 2266 832 2314; x_wconf 86' lang='lat' dir='ltr'>diviserit?</span> <span class='ocrx_word' id='word_1_228' title='bbox 854 2268 967 2314; x_wconf 89' lang='lat' dir='ltr'>unde</span> <span class='ocrx_word' id='word_1_229' title='bbox 991 2268 1064 2313; x_wconf 82' lang='lat' dir='ltr'>lux</span> <span class='ocrx_word' id='word_1_230' title='bbox 1084 2281 1201 2315; x_wconf 85' lang='lat' dir='ltr'>tanta</span> <span class='ocrx_word' id='word_1_231' title='bbox 1223 2268 1460 2317; x_wconf 76' lang='lat' dir='ltr'>fundatur?</span> 
     </span>
     <span class='ocr_line' id='line_1_32' title="bbox 184 2337 1460 2406; baseline 0.005 -23"><span class='ocrx_word' id='word_1_232' title='bbox 184 2337 294 2401; x_wconf 80' lang='lat' dir='ltr'>ignis</span> <span class='ocrx_word' id='word_1_233' title='bbox 312 2338 384 2396; x_wconf 88' lang='lat' dir='ltr'>fit,</span> <span class='ocrx_word' id='word_1_234' title='bbox 404 2356 458 2385; x_wconf 85' lang='lat' dir='ltr'>an</span> <span class='ocrx_word' id='word_1_235' title='bbox 474 2339 637 2402; x_wconf 85' lang='lat' dir='ltr'>aliquid</span> <span class='ocrx_word' id='word_1_236' title='bbox 652 2339 750 2402; x_wconf 86' lang='lat' dir='ltr'>igne</span> <span class='ocrx_word' id='word_1_237' title='bbox 766 2340 982 2386; x_wconf 79' lang='lat' dir='ltr'>lucidius?</span> <span class='ocrx_word' id='word_1_238' title='bbox 1001 2342 1098 2403; x_wconf 83' lang='lat' dir='ltr'>Ego</span> <span class='ocrx_word' id='word_1_239' title='bbox 1116 2340 1191 2387; x_wconf 83' lang='lat' dir='ltr'>ista</span> <span class='ocrx_word' id='word_1_240' title='bbox 1210 2357 1300 2388; x_wconf 92' lang='lat' dir='ltr'>non</span> <span class='ocrx_word' id='word_1_241' title='bbox 1324 2359 1460 2406; x_wconf 86' lang='lat' dir='ltr'>quae·</span> 
     </span>
     <span class='ocr_line' id='line_1_33' title="bbox 186 2411 1457 2474; baseline 0.006 -20"><span class='ocrx_word' id='word_1_242' title='bbox 186 2411 316 2456; x_wconf 84' lang='lat' dir='ltr'>ram?</span> <span class='ocrx_word' id='word_1_243' title='bbox 344 2428 428 2474; x_wconf 86' lang='lat' dir='ltr'>ego</span> <span class='ocrx_word' id='word_1_244' title='bbox 461 2413 642 2459; x_wconf 87' lang='lat' dir='ltr'>nesciam</span> <span class='ocrx_word' id='word_1_245' title='bbox 673 2413 787 2460; x_wconf 87' lang='lat' dir='ltr'>unde</span> <span class='ocrx_word' id='word_1_246' title='bbox 819 2412 1151 2460; x_wconf 80' lang='lat' dir='ltr'>descenderim?</span> <span class='ocrx_word' id='word_1_247' title='bbox 1185 2413 1314 2462; x_wconf 87' lang='lat' dir='ltr'>semel</span> <span class='ocrx_word' id='word_1_248' title='bbox 1347 2415 1457 2462; x_wconf 84' lang='lat' dir='ltr'>haee</span> 
     </span>
     <span class='ocr_line' id='line_1_34' title="bbox 185 2483 1456 2550; baseline 0.004 -20"><span class='ocrx_word' id='word_1_249' title='bbox 185 2483 292 2531; x_wconf 84' lang='lat' dir='ltr'>mihi</span> <span class='ocrx_word' id='word_1_250' title='bbox 311 2485 497 2535; x_wconf 89' lang='lat' dir='ltr'>videnda</span> <span class='ocrx_word' id='word_1_251' title='bbox 514 2486 593 2534; x_wconf 74' lang='lat' dir='ltr'>sint</span> <span class='ocrx_word' id='word_1_252' title='bbox 607 2518 621 2543; x_wconf 89' lang='lat'>,</span> <span class='ocrx_word' id='word_1_253' title='bbox 640 2503 694 2534; x_wconf 86' lang='lat' dir='ltr'>an</span> <span class='ocrx_word' id='word_1_254' title='bbox 716 2485 869 2550; x_wconf 78' lang='lat' dir='ltr'>saepe?</span> <span class='ocrx_word' id='word_1_255' title='bbox 890 2484 1115 2545; x_wconf 78' lang='lat' dir='ltr'>Nestiam,</span> <span class='ocrx_word' id='word_1_256' title='bbox 1137 2502 1229 2548; x_wconf 84' lang='lat' dir='ltr'>quo</span> <span class='ocrx_word' id='word_1_257' title='bbox 1249 2486 1351 2536; x_wconf 86' lang='lat' dir='ltr'>hinc</span> <span class='ocrx_word' id='word_1_258' title='bbox 1368 2487 1456 2541; x_wconf 28' lang='lat' dir='ltr'>itu-</span> 
     </span>
    </p>
   </div>
   <div class='ocr_carea' id='block_1_5' title="bbox 1121 2557 1226 2606">
    <p class='ocr_par' dir='ltr' id='par_1_5' title="bbox 1121 2557 1226 2606">
     <span class='ocr_line' id='line_1_35' title="bbox 1121 2557 1226 2606; baseline -0.01 0"><span class='ocrx_word' id='word_1_259' title='bbox 1121 2557 1226 2606; x_wconf 90' lang='lat' dir='ltr'>N2</span> 
     </span>
    </p>
   </div>
  </div>
 </body>
</html>
