1807 3004
296 204 358 264 76
536 207 583 255 L.
629 205 933 252 ANNAEI
984 205 1353 255 SENECAE

295 319 425 370 caput
441 308 614 372 gladio?
633 311 721 357 duo
742 311 845 358 haec
864 310 907 357 in
925 312 1055 358 rebus
1073 312 1276 358 extremis
1295 310 1574 360 instrumenta

297 392 594 445 prospexerat,
613 386 793 430 alterum
810 398 856 431 ut
874 385 1004 432 vellet
1022 387 1154 443 mori,
1168 388 1344 432 alterum
1362 401 1409 432 ut
1421 387 1576 448 poffet.

295 457 566 517 Compositis
593 474 698 520 ergo
733 460 886 515 rebus,
924 475 1144 521 utcunque
1173 461 1384 522 componi
1420 460 1577 506 fraetae

296 536 427 587 atque
446 527 619 573 ultime
641 542 869 590 poterant,
901 532 945 576 id
970 533 1183 593 agendum
1205 532 1490 587 existimavit,
1523 547 1577 577 ne

295 599 369 643 cui
390 600 605 646 Catonem
626 614 696 647 aut
710 604 914 650 occidere
929 604 1075 650 liceret
1091 640 1104 660 ‚
1127 618 1197 650 aut
1217 604 1385 651 servare
1401 604 1576 650 contin-

295 685 431 733 geret.
453 686 494 717 et
515 673 660 720 striEto
679 676 846 737 gladio,
871 693 999 739 quem
1020 694 1155 737 usque
1176 678 1218 721 in
1238 678 1359 722 ilium
1386 679 1499 722 diem
1520 677 1575 722 ab

293 744 418 789 omni
438 747 568 793 caede
600 765 756 810 purum
787 750 1048 796 servaverat.
1073 751 1218 806 Nihil,
1239 751 1404 813 inquit,
1421 748 1542 810 egisti
1562 784 1576 806 ,

292 815 493 876 fortuna,
515 825 718 869 omnibus
748 825 974 872 conatibus
999 826 1107 871 meis
1137 825 1363 870 obstando.
1385 841 1472 869 non
1495 839 1576 885 pro

294 907 389 937 mea
411 895 552 941 adhuc
571 932 585 952 ‚
617 896 687 942 sed
718 914 799 958 pro
829 898 990 959 patriae
1022 899 1218 944 libertate
1246 897 1466 961 pugnavi:
1496 913 1578 943 nec

294 965 471 1026 agebam
494 981 608 1014 tauta
628 970 861 1031 pertinacia
880 1006 892 1026 ‚
912 985 955 1015 ut
975 971 1104 1027 liber,
1133 971 1200 1015 (ed
1221 984 1264 1015 ut
1290 972 1402 1015 inter
1419 969 1579 1014 liberos

293 1036 652 1087 viveremtnunc
679 1042 886 1105 quoniam
915 1043 1163 1103 deploratae
1194 1044 1287 1089 sunt
1316 1060 1383 1089 res
1411 1043 1578 1105 generis

292 1107 469 1155 humani
491 1145 503 1167 ‚
532 1114 647 1160 Cato
670 1116 908 1161 deducatur
932 1116 975 1161 in
998 1128 1154 1162 tutum.
1184 1116 1394 1177 Impressit
1420 1114 1576 1160 deinde

291 1184 571 1231 mortiferum
607 1188 789 1251 corpori
819 1190 988 1235 vulnus.
1016 1205 1107 1252 quo
1128 1190 1322 1252 obligato
1347 1205 1370 1234 a
1397 1187 1578 1234 medicis

291 1270 392 1300 cum
415 1258 556 1303 minus
580 1259 793 1323 sanguinis
822 1261 999 1306 haberet
1015 1297 1025 1314 ,
1056 1262 1201 1307 minus
1227 1263 1386 1307 virium
1404 1297 1417 1317 ‚
1443 1257 1576 1306 animi

289 1324 408 1372 idem
429 1360 444 1382 ‚
474 1330 558 1374 iam
581 1346 670 1375 non
696 1345 861 1378 tantum
885 1332 1058 1380 Caesari
1077 1369 1089 1388 ,
1112 1332 1182 1379 sed
1204 1333 1280 1378 sibi
1304 1334 1437 1381 iratus
1453 1365 1467 1386 ‚
1492 1349 1575 1378 nu·

293 1398 371 1445 das
394 1402 438 1447 in
460 1403 618 1450 vuinus
644 1421 794 1450 manus
822 1406 932 1466 egit,
959 1419 1001 1451 et
1027 1407 1283 1468 generosum
1313 1406 1434 1452 illum
1462 1422 1576 1452 con-

292 1487 619 1539 temtoremque
644 1478 788 1523 omnis
816 1478 1037 1540 potentiae
1063 1476 1260 1539 spiritum
1293 1494 1381 1522 non
1409 1477 1576 1533 emisit,

290 1546 363 1592 sed
384 1548 522 1596 e3ecit.
562 1551 666 1597 Non
694 1552 736 1597 in
756 1553 843 1599 hoc
858 1552 1056 1612 exempla
1077 1551 1181 1597 haec
1209 1568 1328 1597 nune
1354 1568 1575 1613 congero,

291 1632 342 1666 ut
379 1621 602 1684 ingenium
632 1625 881 1682 exerceam,
917 1625 987 1670 sed
1012 1636 1060 1669 ut
1079 1636 1122 1670 te
1154 1624 1358 1671 adversus
1385 1624 1431 1669 id
1450 1625 1576 1685 quod

292 1695 485 1741 maxime
510 1697 701 1744 terribile
731 1699 940 1753 videtur,
970 1697 1189 1744 exhorter.
1220 1696 1399 1742 Facilius
1429 1709 1574 1742 autem

291 1768 583 1825 exhortabor,
613 1771 641 1816 si
670 1771 927 1827 ostendero,
958 1787 1048 1816 non
1083 1783 1249 1816 tantum
1281 1770 1418 1816 fortes
1450 1772 1574 1818 viros

290 1840 378 1886 hoc
410 1858 689 1890 momentum
717 1845 927 1890 efflandae
955 1844 1123 1889 animae
1155 1844 1426 1889 contemfiffe
1459 1863 1470 1890 z
1500 1844 1574 1891 sed

288 1913 499 1976 quosdam
535 1916 587 1960 ad
613 1915 691 1961 alia
715 1916 930 1979 ignavos,
964 1916 1006 1960 in
1033 1916 1111 1961 hac
1139 1931 1185 1960 re
1203 1916 1455 1978 exaequasse
1479 1916 1572 1962 anie

286 2005 409 2034 mum
443 1989 794 2037 fortiffimorum.
827 1992 933 2036 sicut
961 1991 1080 2036 illum
1103 1990 1187 2036 Cn.
1219 1991 1420 2053 Pompeii
1447 1991 1573 2038 soce-

287 2076 386 2106 rum
407 2060 684 2123 Scipionem,
712 2063 787 2127 qui
815 2063 1038 2110 contrario
1057 2064 1101 2108 in
1123 2063 1318 2110 Africam.
1345 2077 1482 2110 vento
1503 2081 1573 2111 re·

288 2132 421 2190 latus,
452 2148 552 2179 cum
580 2135 717 2181 teneri
747 2152 904 2181 navem
927 2135 1042 2180 suam
1067 2135 1237 2182 videret
1266 2137 1320 2180 ab
1348 2135 1571 2197 hostibus,

288 2204 408 2251 ferro
436 2205 478 2252 se
505 2206 903 2264 transverberavit,
930 2220 971 2253 et
990 2209 1294 2269 quaerentibus
1324 2208 1398 2254 ubi
1428 2208 1571 2272 impe-

289 2294 409 2324 rator
435 2278 535 2325 effet
558 2297 568 2324 ε
592 2281 833 2342 Imperator
850 2316 862 2336 ‚
884 2280 1052 2343 inquit,
1083 2281 1195 2326 bene
1221 2282 1261 2327 se
1287 2282 1428 2327 habet.
1468 2284 1572 2328 Vox

288 2349 396 2396 haec
416 2350 532 2395 illum
557 2367 705 2412 parem
729 2351 970 2397 maioribus
989 2350 1094 2399 fecit
1111 2385 1123 2405 ,
1142 2366 1185 2398 et
1205 2350 1379 2398 fatalem
1399 2353 1571 2412 Scipio-

290 2420 417 2466 nibus
451 2421 496 2467 in
537 2421 683 2468 Africa
711 2422 894 2485 gloriam
929 2440 1018 2469 non
1051 2422 1112 2469 est
1144 2423 1406 2486 interrumpi
1441 2423 1569 2486 paffa.

290 2493 482 2541 Multmn
496 2493 576 2543 fuit
599 2496 912 2560 Carthaginem
932 2497 1107 2546 vincere
1121 2532 1134 2556 ‚
1159 2498 1232 2546 sed
1247 2499 1430 2561 amplius
1447 2514 1570 2544 mor-
